{"ts":1776550428425,"slug":"btc-updown-5m-1776550200","type":"remaining","seconds":71.6}
{"ts":1776550428425,"slug":"btc-updown-5m-1776550200","type":"btc_ticker","btcPrice":75690.26196,"coinbasePrice":75702.81,"divergence":12.548039999994216}
{"ts":1776550428425,"slug":"btc-updown-5m-1776550200","type":"market_price","openPrice":75666.30022,"gap":23.96,"priceToBeat":75666.30022}
{"ts":1776550429043,"slug":"btc-updown-5m-1776550500","type":"orderbook_snapshot","up":{"bids":[[0.52,124],[0.51,148],[0.5,273.66],[0.49,153],[0.48,120]],"asks":[[0.53,366.11],[0.54,1065.03],[0.55,212],[0.56,302],[0.57,94]]},"down":{"bids":[[0.47,366.11],[0.46,1065.03],[0.45,212],[0.44,302],[0.43,94]],"asks":[[0.48,124],[0.49,148],[0.5,273.66],[0.51,153],[0.52,120]]}}
{"ts":1776550429043,"slug":"btc-updown-5m-1776550500","type":"remaining","seconds":371}
{"ts":1776550429043,"slug":"btc-updown-5m-1776550500","type":"btc_ticker","btcPrice":75690.26196,"coinbasePrice":75702.81,"divergence":12.548039999994216}
{"ts":1776550429424,"slug":"btc-updown-5m-1776550200","type":"orderbook_snapshot","up":{"bids":[[0.88,599.91],[0.87,379.36],[0.86,401.65],[0.85,365.71],[0.84,394.97]],"asks":[[0.89,305.81],[0.9,335.5],[0.91,402.88],[0.92,444.05],[0.93,881.44]]},"down":{"bids":[[0.11,305.81],[0.1,335.5],[0.09,402.88],[0.08,444.05],[0.07,881.44]],"asks":[[0.12,599.91],[0.13,379.36],[0.14,401.65],[0.15,365.71],[0.16,394.97]]}}
{"ts":1776550429424,"slug":"btc-updown-5m-1776550200","type":"remaining","seconds":70.6}
{"ts":1776550429424,"slug":"btc-updown-5m-1776550200","type":"btc_ticker","btcPrice":75690.26196,"coinbasePrice":75702.81,"divergence":12.548039999994216}
{"ts":1776550429424,"slug":"btc-updown-5m-1776550200","type":"market_price","openPrice":75666.30022,"gap":23.96,"priceToBeat":75666.30022}
{"ts":1776550429559,"slug":"btc-updown-5m-1776550200","type":"orderbook_snapshot","up":{"bids":[[0.88,593.61],[0.87,369.53],[0.86,391.82],[0.85,355.88],[0.84,503.22]],"asks":[[0.89,240.43],[0.9,335.5],[0.91,402.88],[0.92,424.05],[0.93,881.44]]},"down":{"bids":[[0.11,240.43],[0.1,335.5],[0.09,402.88],[0.08,424.05],[0.07,881.44]],"asks":[[0.12,593.61],[0.13,369.53],[0.14,391.82],[0.15,355.88],[0.16,503.22]]}}
{"ts":1776550429559,"slug":"btc-updown-5m-1776550200","type":"remaining","seconds":70.4}
{"ts":1776550429559,"slug":"btc-updown-5m-1776550200","type":"btc_ticker","btcPrice":75690.26995,"coinbasePrice":75702.81,"divergence":12.540049999995972}
{"ts":1776550429559,"slug":"btc-updown-5m-1776550200","type":"market_price","openPrice":75666.30022,"gap":23.97,"priceToBeat":75666.30022}
{"ts":1776550429559,"slug":"btc-updown-5m-1776550200","type":"strategy","event":"model_eval","remainingSecs":70,"spot":75690.26995,"openPrice":75666.30022,"gap":23.96972999999707,"gapBps":3.167821068336235,"side":"UP","ask":0.89,"liquidityUsd":213.98270000000002,"bestBidUp":0.88,"bestBidDown":0.11,"bestAskUp":0.89,"bestAskDown":0.12,"trueProb":0.6290131312635752,"ev":-0.35749424794323276,"divergence":12.540049999995972,"feeBps":1000,"thresholds":{"minTrueProb":0.83,"minEv":0.015,"entryPriceMin":0.8,"entryPriceMax":0.97,"minLiquidityUsd":100}}
{"ts":1776550430044,"slug":"btc-updown-5m-1776550500","type":"orderbook_snapshot","up":{"bids":[[0.52,142],[0.51,148],[0.5,283.66],[0.49,153],[0.48,120]],"asks":[[0.53,372.11],[0.54,1065.03],[0.55,212],[0.56,302],[0.57,94]]},"down":{"bids":[[0.47,372.11],[0.46,1065.03],[0.45,212],[0.44,302],[0.43,94]],"asks":[[0.48,142],[0.49,148],[0.5,283.66],[0.51,153],[0.52,120]]}}
{"ts":1776550430044,"slug":"btc-updown-5m-1776550500","type":"remaining","seconds":370}
{"ts":1776550430044,"slug":"btc-updown-5m-1776550500","type":"btc_ticker","btcPrice":75690.26995,"coinbasePrice":75702.81,"divergence":12.540049999995972}
{"ts":1776550430425,"slug":"btc-updown-5m-1776550200","type":"orderbook_snapshot","up":{"bids":[[0.88,149.17],[0.87,389.41],[0.86,389.47],[0.85,380.54],[0.84,515.89]],"asks":[[0.89,331.68],[0.9,401.22],[0.91,417.32],[0.92,404.28],[0.93,906.28]]},"down":{"bids":[[0.11,331.68],[0.1,401.22],[0.09,417.32],[0.08,404.28],[0.07,906.28]],"asks":[[0.12,149.17],[0.13,389.41],[0.14,389.47],[0.15,380.54],[0.16,515.89]]}}
{"ts":1776550430425,"slug":"btc-updown-5m-1776550200","type":"remaining","seconds":69.6}
{"ts":1776550430425,"slug":"btc-updown-5m-1776550200","type":"btc_ticker","btcPrice":75690.26937,"coinbasePrice":75702.81,"divergence":12.540630000003148}
{"ts":1776550430425,"slug":"btc-updown-5m-1776550200","type":"market_price","openPrice":75666.30022,"gap":23.97,"priceToBeat":75666.30022}
{"ts":1776550431043,"slug":"btc-updown-5m-1776550500","type":"orderbook_snapshot","up":{"bids":[[0.52,131.58],[0.51,148],[0.5,273.66],[0.49,153],[0.48,120]],"asks":[[0.53,372.11],[0.54,1057.03],[0.55,212],[0.56,294],[0.57,94]]},"down":{"bids":[[0.47,372.11],[0.46,1057.03],[0.45,212],[0.44,294],[0.43,94]],"asks":[[0.48,131.58],[0.49,148],[0.5,273.66],[0.51,153],[0.52,120]]}}
{"ts":1776550431043,"slug":"btc-updown-5m-1776550500","type":"remaining","seconds":369}
{"ts":1776550431043,"slug":"btc-updown-5m-1776550500","type":"btc_ticker","btcPrice":75690.26937,"coinbasePrice":75702.81,"divergence":12.540630000003148}
{"ts":1776550431425,"slug":"btc-updown-5m-1776550200","type":"orderbook_snapshot","up":{"bids":[[0.88,216.07],[0.87,490.98],[0.86,421.95],[0.85,410.71],[0.84,505.42]],"asks":[[0.89,106.41],[0.9,314.3],[0.91,413.42],[0.92,492.8],[0.93,882.13]]},"down":{"bids":[[0.11,106.41],[0.1,314.3],[0.09,413.42],[0.08,492.8],[0.07,882.13]],"asks":[[0.12,216.07],[0.13,490.98],[0.14,421.95],[0.15,410.71],[0.16,505.42]]}}
{"ts":1776550431425,"slug":"btc-updown-5m-1776550200","type":"remaining","seconds":68.6}
{"ts":1776550431425,"slug":"btc-updown-5m-1776550200","type":"btc_ticker","btcPrice":75690.26682,"coinbasePrice":75702.81,"divergence":12.5431799999933}
{"ts":1776550431425,"slug":"btc-updown-5m-1776550200","type":"market_price","openPrice":75666.30022,"gap":23.97,"priceToBeat":75666.30022}
{"ts":1776550432044,"slug":"btc-updown-5m-1776550500","type":"orderbook_snapshot","up":{"bids":[[0.52,125.58],[0.51,183.09],[0.5,273.66],[0.49,153],[0.48,120]],"asks":[[0.53,372.11],[0.54,1057.03],[0.55,212],[0.56,294],[0.57,94]]},"down":{"bids":[[0.47,372.11],[0.46,1057.03],[0.45,212],[0.44,294],[0.43,94]],"asks":[[0.48,125.58],[0.49,183.09],[0.5,273.66],[0.51,153],[0.52,120]]}}
{"ts":1776550432044,"slug":"btc-updown-5m-1776550500","type":"remaining","seconds":368}
{"ts":1776550432044,"slug":"btc-updown-5m-1776550500","type":"btc_ticker","btcPrice":75690.26682,"coinbasePrice":75702.81,"divergence":12.5431799999933}
{"ts":1776550432425,"slug":"btc-updown-5m-1776550200","type":"orderbook_snapshot","up":{"bids":[[0.88,196.68],[0.87,280.65],[0.86,175.6],[0.85,167.25],[0.84,217.67]],"asks":[[0.89,407.75],[0.9,258.58],[0.91,413.42],[0.92,443.9],[0.93,882.13]]},"down":{"bids":[[0.11,407.75],[0.1,258.58],[0.09,413.42],[0.08,443.9],[0.07,882.13]],"asks":[[0.12,196.68],[0.13,280.65],[0.14,175.6],[0.15,167.25],[0.16,217.67]]}}
{"ts":1776550432425,"slug":"btc-updown-5m-1776550200","type":"remaining","seconds":67.6}
{"ts":1776550432425,"slug":"btc-updown-5m-1776550200","type":"btc_ticker","btcPrice":75690.27952,"coinbasePrice":75694.36,"divergence":4.080480000004172}
{"ts":1776550432425,"slug":"btc-updown-5m-1776550200","type":"market_price","openPrice":75666.30022,"gap":23.98,"priceToBeat":75666.30022}
{"ts":1776550433045,"slug":"btc-updown-5m-1776550500","type":"orderbook_snapshot","up":{"bids":[[0.52,125.58],[0.51,183.09],[0.5,273.66],[0.49,153],[0.48,120]],"asks":[[0.53,372.11],[0.54,1057.03],[0.55,212],[0.56,294],[0.57,94]]},"down":{"bids":[[0.47,372.11],[0.46,1057.03],[0.45,212],[0.44,294],[0.43,94]],"asks":[[0.48,125.58],[0.49,183.09],[0.5,273.66],[0.51,153],[0.52,120]]}}
{"ts":1776550433045,"slug":"btc-updown-5m-1776550500","type":"remaining","seconds":367}
{"ts":1776550433045,"slug":"btc-updown-5m-1776550500","type":"btc_ticker","btcPrice":75690.27952,"coinbasePrice":75691.83,"divergence":1.5504800000053365}
{"ts":1776550433425,"slug":"btc-updown-5m-1776550200","type":"orderbook_snapshot","up":{"bids":[[0.8,225.9],[0.79,28],[0.78,44.41],[0.77,268.86],[0.76,325]],"asks":[[0.81,593.06],[0.82,457.82],[0.83,223.94],[0.84,225],[0.85,280]]},"down":{"bids":[[0.19,593.06],[0.18,457.82],[0.17,223.94],[0.16,225],[0.15,280]],"asks":[[0.2,225.9],[0.21,28],[0.22,44.41],[0.23,268.86],[0.24,325]]}}
{"ts":1776550433425,"slug":"btc-updown-5m-1776550200","type":"remaining","seconds":66.6}
{"ts":1776550433425,"slug":"btc-updown-5m-1776550200","type":"btc_ticker","btcPrice":75693.11,"coinbasePrice":75691.82,"divergence":1.2899999999935972}
{"ts":1776550433425,"slug":"btc-updown-5m-1776550200","type":"market_price","openPrice":75666.30022,"gap":26.81,"priceToBeat":75666.30022}
{"ts":1776550434045,"slug":"btc-updown-5m-1776550500","type":"orderbook_snapshot","up":{"bids":[[0.52,125.58],[0.51,183.09],[0.5,273.66],[0.49,153],[0.48,120]],"asks":[[0.53,372.11],[0.54,1057.03],[0.55,212],[0.56,294],[0.57,94]]},"down":{"bids":[[0.47,372.11],[0.46,1057.03],[0.45,212],[0.44,294],[0.43,94]],"asks":[[0.48,125.58],[0.49,183.09],[0.5,273.66],[0.51,153],[0.52,120]]}}
{"ts":1776550434046,"slug":"btc-updown-5m-1776550500","type":"remaining","seconds":366}
{"ts":1776550434046,"slug":"btc-updown-5m-1776550500","type":"btc_ticker","btcPrice":75693.11,"coinbasePrice":75691.82,"divergence":1.2899999999935972}
{"ts":1776550434424,"slug":"btc-updown-5m-1776550200","type":"orderbook_snapshot","up":{"bids":[[0.8,144.21],[0.79,34.11],[0.78,278.92],[0.77,313.24],[0.76,367.08]],"asks":[[0.81,464.35],[0.82,446.92],[0.83,219.49],[0.84,226.21],[0.85,210]]},"down":{"bids":[[0.19,464.35],[0.18,446.92],[0.17,219.49],[0.16,226.21],[0.15,210]],"asks":[[0.2,144.21],[0.21,34.11],[0.22,278.92],[0.23,313.24],[0.24,367.08]]}}
{"ts":1776550434424,"slug":"btc-updown-5m-1776550200","type":"remaining","seconds":65.6}
{"ts":1776550434424,"slug":"btc-updown-5m-1776550200","type":"btc_ticker","btcPrice":75690.24233,"coinbasePrice":75691.82,"divergence":1.5776700000133133}
{"ts":1776550434424,"slug":"btc-updown-5m-1776550200","type":"market_price","openPrice":75666.30022,"gap":23.94,"priceToBeat":75666.30022}
{"ts":1776550434570,"slug":"btc-updown-5m-1776550200","type":"orderbook_snapshot","up":{"bids":[[0.8,144.21],[0.79,21.37],[0.78,266.18],[0.77,316.19],[0.76,367.08]],"asks":[[0.81,382.35],[0.82,446.92],[0.83,208.94],[0.84,215],[0.85,220]]},"down":{"bids":[[0.19,382.35],[0.18,446.92],[0.17,208.94],[0.16,215],[0.15,220]],"asks":[[0.2,144.21],[0.21,21.37],[0.22,266.18],[0.23,316.19],[0.24,367.08]]}}
{"ts":1776550434570,"slug":"btc-updown-5m-1776550200","type":"remaining","seconds":65.4}
{"ts":1776550434570,"slug":"btc-updown-5m-1776550200","type":"btc_ticker","btcPrice":75690.24233,"coinbasePrice":75691.82,"divergence":1.5776700000133133}
{"ts":1776550434570,"slug":"btc-updown-5m-1776550200","type":"market_price","openPrice":75666.30022,"gap":23.94,"priceToBeat":75666.30022}
{"ts":1776550434570,"slug":"btc-updown-5m-1776550200","type":"strategy","event":"model_eval","remainingSecs":65,"spot":75690.24233,"openPrice":75666.30022,"gap":23.942109999989043,"gapBps":3.164170830393092,"side":"UP","ask":0.81,"liquidityUsd":309.7035,"bestBidUp":0.8,"bestBidDown":0.19,"bestAskUp":0.81,"bestAskDown":0.2,"trueProb":0.6335519290150073,"ev":-0.28894284061166414,"divergence":1.5776700000133133,"feeBps":1000,"thresholds":{"minTrueProb":0.83,"minEv":0.015,"entryPriceMin":0.8,"entryPriceMax":0.97,"minLiquidityUsd":100}}
{"ts":1776550435045,"slug":"btc-updown-5m-1776550500","type":"orderbook_snapshot","up":{"bids":[[0.52,125.58],[0.51,183.09],[0.5,273.66],[0.49,153],[0.48,120]],"asks":[[0.53,372.11],[0.54,1057.03],[0.55,212],[0.56,294],[0.57,94]]},"down":{"bids":[[0.47,372.11],[0.46,1057.03],[0.45,212],[0.44,294],[0.43,94]],"asks":[[0.48,125.58],[0.49,183.09],[0.5,273.66],[0.51,153],[0.52,120]]}}
{"ts":1776550435046,"slug":"btc-updown-5m-1776550500","type":"remaining","seconds":365}
{"ts":1776550435046,"slug":"btc-updown-5m-1776550500","type":"btc_ticker","btcPrice":75690.24233,"coinbasePrice":75691.83,"divergence":1.5876700000080746}
{"ts":1776550436449,"slug":"btc-updown-5m-1776550200","type":"orderbook_snapshot","up":{"bids":[[0.8,117.44],[0.79,189.18],[0.78,331.41],[0.77,307.63],[0.76,374.51]],"asks":[[0.81,398.17],[0.82,451.92],[0.83,219.28],[0.84,236.98],[0.85,221.72]]},"down":{"bids":[[0.19,398.17],[0.18,451.92],[0.17,219.28],[0.16,236.98],[0.15,221.72]],"asks":[[0.2,117.44],[0.21,189.18],[0.22,331.41],[0.23,307.63],[0.24,374.51]]}}
{"ts":1776550436450,"slug":"btc-updown-5m-1776550200","type":"remaining","seconds":63.5}
{"ts":1776550436450,"slug":"btc-updown-5m-1776550200","type":"btc_ticker","btcPrice":75684.50011,"coinbasePrice":75691.82,"divergence":7.319890000013402}
{"ts":1776550436450,"slug":"btc-updown-5m-1776550200","type":"market_price","openPrice":75666.30022,"gap":18.2,"priceToBeat":75666.30022}
{"ts":1776550437070,"slug":"btc-updown-5m-1776550500","type":"orderbook_snapshot","up":{"bids":[[0.52,125.58],[0.51,183.09],[0.5,273.66],[0.49,153],[0.48,120]],"asks":[[0.53,372.11],[0.54,1057.03],[0.55,201],[0.56,283],[0.57,82]]},"down":{"bids":[[0.47,372.11],[0.46,1057.03],[0.45,201],[0.44,283],[0.43,82]],"asks":[[0.48,125.58],[0.49,183.09],[0.5,273.66],[0.51,153],[0.52,120]]}}
{"ts":1776550437071,"slug":"btc-updown-5m-1776550500","type":"remaining","seconds":362.9}
{"ts":1776550437071,"slug":"btc-updown-5m-1776550500","type":"btc_ticker","btcPrice":75684.50011,"coinbasePrice":75691.82,"divergence":7.319890000013402}
{"ts":1776550437448,"slug":"btc-updown-5m-1776550200","type":"orderbook_snapshot","up":{"bids":[[0.8,91.82],[0.79,189.49],[0.78,355.04],[0.77,301.26],[0.76,365]],"asks":[[0.81,582.4],[0.82,421.92],[0.83,219.28],[0.84,150.99],[0.85,233.44]]},"down":{"bids":[[0.19,582.4],[0.18,421.92],[0.17,219.28],[0.16,150.99],[0.15,233.44]],"asks":[[0.2,91.82],[0.21,189.49],[0.22,355.04],[0.23,301.26],[0.24,365]]}}
{"ts":1776550437449,"slug":"btc-updown-5m-1776550200","type":"remaining","seconds":62.6}
{"ts":1776550437449,"slug":"btc-updown-5m-1776550200","type":"btc_ticker","btcPrice":75683.59,"coinbasePrice":75691.82,"divergence":8.230000000010477}
{"ts":1776550437449,"slug":"btc-updown-5m-1776550200","type":"market_price","openPrice":75666.30022,"gap":17.29,"priceToBeat":75666.30022}
{"ts":1776550438070,"slug":"btc-updown-5m-1776550500","type":"orderbook_snapshot","up":{"bids":[[0.52,125.58],[0.51,188.09],[0.5,273.66],[0.49,153],[0.48,120]],"asks":[[0.53,372.11],[0.54,1057.03],[0.55,201],[0.56,283],[0.57,82]]},"down":{"bids":[[0.47,372.11],[0.46,1057.03],[0.45,201],[0.44,283],[0.43,82]],"asks":[[0.48,125.58],[0.49,188.09],[0.5,273.66],[0.51,153],[0.52,120]]}}
{"ts":1776550438071,"slug":"btc-updown-5m-1776550500","type":"remaining","seconds":361.9}
{"ts":1776550438071,"slug":"btc-updown-5m-1776550500","type":"btc_ticker","btcPrice":75683.59,"coinbasePrice":75691.83,"divergence":8.240000000005239}
{"ts":1776550438449,"slug":"btc-updown-5m-1776550200","type":"orderbook_snapshot","up":{"bids":[[0.8,131.82],[0.79,225.86],[0.78,361.41],[0.77,317.63],[0.76,374.7]],"asks":[[0.81,678.12],[0.82,469.64],[0.83,189.28],[0.84,150.99],[0.85,221.72]]},"down":{"bids":[[0.19,678.12],[0.18,469.64],[0.17,189.28],[0.16,150.99],[0.15,221.72]],"asks":[[0.2,131.82],[0.21,225.86],[0.22,361.41],[0.23,317.63],[0.24,374.7]]}}
{"ts":1776550438449,"slug":"btc-updown-5m-1776550200","type":"remaining","seconds":61.6}
{"ts":1776550438450,"slug":"btc-updown-5m-1776550200","type":"btc_ticker","btcPrice":75683.59,"coinbasePrice":75691.83,"divergence":8.240000000005239}
{"ts":1776550438450,"slug":"btc-updown-5m-1776550200","type":"market_price","openPrice":75666.30022,"gap":17.29,"priceToBeat":75666.30022}
{"ts":1776550439070,"slug":"btc-updown-5m-1776550500","type":"orderbook_snapshot","up":{"bids":[[0.52,125.58],[0.51,188.09],[0.5,273.66],[0.49,153],[0.48,120]],"asks":[[0.53,372.11],[0.54,1057.03],[0.55,201],[0.56,283],[0.57,82]]},"down":{"bids":[[0.47,372.11],[0.46,1057.03],[0.45,201],[0.44,283],[0.43,82]],"asks":[[0.48,125.58],[0.49,188.09],[0.5,273.66],[0.51,153],[0.52,120]]}}
{"ts":1776550439070,"slug":"btc-updown-5m-1776550500","type":"remaining","seconds":360.9}
{"ts":1776550439070,"slug":"btc-updown-5m-1776550500","type":"btc_ticker","btcPrice":75683.52,"coinbasePrice":75691.83,"divergence":8.309999999997672}
{"ts":1776550439449,"slug":"btc-updown-5m-1776550200","type":"orderbook_snapshot","up":{"bids":[[0.8,126.7],[0.79,324.18],[0.78,358.69],[0.77,332.4],[0.76,369.7]],"asks":[[0.81,444.9],[0.82,469.64],[0.83,174.94],[0.84,159.28],[0.85,235.76]]},"down":{"bids":[[0.19,444.9],[0.18,469.64],[0.17,174.94],[0.16,159.28],[0.15,235.76]],"asks":[[0.2,126.7],[0.21,324.18],[0.22,358.69],[0.23,332.4],[0.24,369.7]]}}
{"ts":1776550439449,"slug":"btc-updown-5m-1776550200","type":"remaining","seconds":60.6}
{"ts":1776550439449,"slug":"btc-updown-5m-1776550200","type":"btc_ticker","btcPrice":75683.52,"coinbasePrice":75691.83,"divergence":8.309999999997672}
{"ts":1776550439450,"slug":"btc-updown-5m-1776550200","type":"market_price","openPrice":75666.30022,"gap":17.22,"priceToBeat":75666.30022}
{"ts":1776550439605,"slug":"btc-updown-5m-1776550200","type":"orderbook_snapshot","up":{"bids":[[0.8,146.04],[0.79,317.81],[0.78,358.32],[0.77,326.03],[0.76,369.7]],"asks":[[0.81,356.82],[0.82,477.64],[0.83,185.42],[0.84,158.48],[0.85,232]]},"down":{"bids":[[0.19,356.82],[0.18,477.64],[0.17,185.42],[0.16,158.48],[0.15,232]],"asks":[[0.2,146.04],[0.21,317.81],[0.22,358.32],[0.23,326.03],[0.24,369.7]]}}
{"ts":1776550439605,"slug":"btc-updown-5m-1776550200","type":"remaining","seconds":60.4}
{"ts":1776550439606,"slug":"btc-updown-5m-1776550200","type":"btc_ticker","btcPrice":75683.52,"coinbasePrice":75691.83,"divergence":8.309999999997672}
{"ts":1776550439606,"slug":"btc-updown-5m-1776550200","type":"market_price","openPrice":75666.30022,"gap":17.22,"priceToBeat":75666.30022}
{"ts":1776550439606,"slug":"btc-updown-5m-1776550200","type":"strategy","event":"model_eval","remainingSecs":60,"spot":75683.52,"openPrice":75666.30022,"gap":17.219779999999446,"gapBps":2.2757528714808153,"side":"UP","ask":0.81,"liquidityUsd":289.0242,"bestBidUp":0.8,"bestBidDown":0.19,"bestAskUp":0.81,"bestAskDown":0.2,"trueProb":0.600822554079695,"ev":-0.3256761458140349,"divergence":8.309999999997672,"feeBps":1000,"thresholds":{"minTrueProb":0.83,"minEv":0.015,"entryPriceMin":0.8,"entryPriceMax":0.97,"minLiquidityUsd":100}}
{"ts":1776550440070,"slug":"btc-updown-5m-1776550500","type":"orderbook_snapshot","up":{"bids":[[0.52,125.58],[0.51,188.09],[0.5,273.66],[0.49,153],[0.48,120]],"asks":[[0.53,367.11],[0.54,1057.03],[0.55,201],[0.56,283],[0.57,82]]},"down":{"bids":[[0.47,367.11],[0.46,1057.03],[0.45,201],[0.44,283],[0.43,82]],"asks":[[0.48,125.58],[0.49,188.09],[0.5,273.66],[0.51,153],[0.52,120]]}}
{"ts":1776550440070,"slug":"btc-updown-5m-1776550500","type":"remaining","seconds":359.9}
{"ts":1776550440070,"slug":"btc-updown-5m-1776550500","type":"btc_ticker","btcPrice":75683.52,"coinbasePrice":75691.83,"divergence":8.309999999997672}
{"ts":1776550440448,"slug":"btc-updown-5m-1776550200","type":"orderbook_snapshot","up":{"bids":[[0.8,278.32],[0.79,184.37],[0.78,206.92],[0.77,231.37],[0.76,369.7]],"asks":[[0.81,457.54],[0.82,233.32],[0.83,122.42],[0.84,151.72],[0.85,232]]},"down":{"bids":[[0.19,457.54],[0.18,233.32],[0.17,122.42],[0.16,151.72],[0.15,232]],"asks":[[0.2,278.32],[0.21,184.37],[0.22,206.92],[0.23,231.37],[0.24,369.7]]}}
{"ts":1776550440449,"slug":"btc-updown-5m-1776550200","type":"remaining","seconds":59.6}
{"ts":1776550440449,"slug":"btc-updown-5m-1776550200","type":"btc_ticker","btcPrice":75684.14767,"coinbasePrice":75682.52,"divergence":1.6276700000016717}
{"ts":1776550440449,"slug":"btc-updown-5m-1776550200","type":"market_price","openPrice":75666.30022,"gap":17.85,"priceToBeat":75666.30022}
{"ts":1776550441070,"slug":"btc-updown-5m-1776550500","type":"orderbook_snapshot","up":{"bids":[[0.52,113.08],[0.51,188.09],[0.5,273.66],[0.49,153],[0.48,115]],"asks":[[0.53,356.79],[0.54,1049.03],[0.55,192],[0.56,269],[0.57,82]]},"down":{"bids":[[0.47,356.79],[0.46,1049.03],[0.45,192],[0.44,269],[0.43,82]],"asks":[[0.48,113.08],[0.49,188.09],[0.5,273.66],[0.51,153],[0.52,115]]}}
{"ts":1776550441070,"slug":"btc-updown-5m-1776550500","type":"remaining","seconds":358.9}
{"ts":1776550441070,"slug":"btc-updown-5m-1776550500","type":"btc_ticker","btcPrice":75683.13,"coinbasePrice":75683.75,"divergence":0.6199999999953434}
{"ts":1776550441449,"slug":"btc-updown-5m-1776550200","type":"orderbook_snapshot","up":{"bids":[[0.78,148.03],[0.77,32.79],[0.76,377.9],[0.75,438.13],[0.74,413.26]],"asks":[[0.79,506.32],[0.8,148.96],[0.81,289],[0.82,6],[0.83,121.94]]},"down":{"bids":[[0.21,506.32],[0.2,148.96],[0.19,289],[0.18,6],[0.17,121.94]],"asks":[[0.22,148.03],[0.23,32.79],[0.24,377.9],[0.25,438.13],[0.26,413.26]]}}
{"ts":1776550441449,"slug":"btc-updown-5m-1776550200","type":"remaining","seconds":58.6}
{"ts":1776550441450,"slug":"btc-updown-5m-1776550200","type":"btc_ticker","btcPrice":75683.13,"coinbasePrice":75683.75,"divergence":0.6199999999953434}
{"ts":1776550441450,"slug":"btc-updown-5m-1776550200","type":"market_price","openPrice":75666.30022,"gap":16.83,"priceToBeat":75666.30022}
{"ts":1776550442070,"slug":"btc-updown-5m-1776550500","type":"orderbook_snapshot","up":{"bids":[[0.52,110.53],[0.51,188.09],[0.5,273.66],[0.49,138],[0.48,115]],"asks":[[0.53,346.69],[0.54,1049.03],[0.55,160],[0.56,269],[0.57,82]]},"down":{"bids":[[0.47,346.69],[0.46,1049.03],[0.45,160],[0.44,269],[0.43,82]],"asks":[[0.48,110.53],[0.49,188.09],[0.5,273.66],[0.51,138],[0.52,115]]}}
{"ts":1776550442070,"slug":"btc-updown-5m-1776550500","type":"remaining","seconds":357.9}
{"ts":1776550442070,"slug":"btc-updown-5m-1776550500","type":"btc_ticker","btcPrice":75683.13,"coinbasePrice":75683.74,"divergence":0.6100000000005821}
{"ts":1776550442449,"slug":"btc-updown-5m-1776550200","type":"orderbook_snapshot","up":{"bids":[[0.73,111.81],[0.72,290.53],[0.71,355.33],[0.7,370.99],[0.69,377.24]],"asks":[[0.74,588.97],[0.75,280.35],[0.76,228.22],[0.77,36],[0.78,145.96]]},"down":{"bids":[[0.26,588.97],[0.25,280.35],[0.24,228.22],[0.23,36],[0.22,145.96]],"asks":[[0.27,111.81],[0.28,290.53],[0.29,355.33],[0.3,370.99],[0.31,377.24]]}}
{"ts":1776550442449,"slug":"btc-updown-5m-1776550200","type":"remaining","seconds":57.6}
{"ts":1776550442449,"slug":"btc-updown-5m-1776550200","type":"btc_ticker","btcPrice":75682.96,"coinbasePrice":75683.75,"divergence":0.7899999999935972}
{"ts":1776550442449,"slug":"btc-updown-5m-1776550200","type":"market_price","openPrice":75666.30022,"gap":16.66,"priceToBeat":75666.30022}
{"ts":1776550443070,"slug":"btc-updown-5m-1776550500","type":"orderbook_snapshot","up":{"bids":[[0.52,110.53],[0.51,188.09],[0.5,273.66],[0.49,138],[0.48,115]],"asks":[[0.53,63.68],[0.54,1049.03],[0.55,160],[0.56,269],[0.57,82]]},"down":{"bids":[[0.47,63.68],[0.46,1049.03],[0.45,160],[0.44,269],[0.43,82]],"asks":[[0.48,110.53],[0.49,188.09],[0.5,273.66],[0.51,138],[0.52,115]]}}
{"ts":1776550443070,"slug":"btc-updown-5m-1776550500","type":"remaining","seconds":356.9}
{"ts":1776550443070,"slug":"btc-updown-5m-1776550500","type":"btc_ticker","btcPrice":75682.96,"coinbasePrice":75683.74,"divergence":0.7799999999988358}
{"ts":1776550443449,"slug":"btc-updown-5m-1776550200","type":"orderbook_snapshot","up":{"bids":[[0.72,15.25],[0.71,295.03],[0.7,390.92],[0.69,402.27],[0.68,510]],"asks":[[0.73,880.33],[0.74,39.09],[0.75,10],[0.76,24.32],[0.77,16]]},"down":{"bids":[[0.27,880.33],[0.26,39.09],[0.25,10],[0.24,24.32],[0.23,16]],"asks":[[0.28,15.25],[0.29,295.03],[0.3,390.92],[0.31,402.27],[0.32,510]]}}
{"ts":1776550443449,"slug":"btc-updown-5m-1776550200","type":"remaining","seconds":56.6}
{"ts":1776550443449,"slug":"btc-updown-5m-1776550200","type":"btc_ticker","btcPrice":75681.23,"coinbasePrice":75683.75,"divergence":2.5200000000040745}
{"ts":1776550443449,"slug":"btc-updown-5m-1776550200","type":"market_price","openPrice":75666.30022,"gap":14.93,"priceToBeat":75666.30022}
{"ts":1776550444070,"slug":"btc-updown-5m-1776550500","type":"orderbook_snapshot","up":{"bids":[[0.53,498.32],[0.52,50.53],[0.51,187.09],[0.5,273.66],[0.49,138]],"asks":[[0.54,1049.03],[0.55,160],[0.56,269],[0.57,82],[0.58,100.8]]},"down":{"bids":[[0.46,1049.03],[0.45,160],[0.44,269],[0.43,82],[0.42,100.8]],"asks":[[0.47,498.32],[0.48,50.53],[0.49,187.09],[0.5,273.66],[0.51,138]]}}
{"ts":1776550444070,"slug":"btc-updown-5m-1776550500","type":"remaining","seconds":355.9}
{"ts":1776550444070,"slug":"btc-updown-5m-1776550500","type":"btc_ticker","btcPrice":75681.23,"coinbasePrice":75683.74,"divergence":2.5100000000093132}
{"ts":1776550444449,"slug":"btc-updown-5m-1776550200","type":"orderbook_snapshot","up":{"bids":[[0.7,549.52],[0.69,487.24],[0.68,534],[0.67,272.95],[0.66,153.07]],"asks":[[0.71,318.85],[0.72,42.68],[0.73,31.57],[0.74,23.65],[0.75,10]]},"down":{"bids":[[0.29,318.85],[0.28,42.68],[0.27,31.57],[0.26,23.65],[0.25,10]],"asks":[[0.3,549.52],[0.31,487.24],[0.32,534],[0.33,272.95],[0.34,153.07]]}}
{"ts":1776550444449,"slug":"btc-updown-5m-1776550200","type":"remaining","seconds":55.6}
{"ts":1776550444449,"slug":"btc-updown-5m-1776550200","type":"btc_ticker","btcPrice":75676.6,"coinbasePrice":75683.74,"divergence":7.139999999999418}
{"ts":1776550444450,"slug":"btc-updown-5m-1776550200","type":"market_price","openPrice":75666.30022,"gap":10.3,"priceToBeat":75666.30022}
{"ts":1776550444613,"slug":"btc-updown-5m-1776550200","type":"orderbook_snapshot","up":{"bids":[[0.7,315.79],[0.69,472.24],[0.68,549],[0.67,265],[0.66,153.07]],"asks":[[0.71,434.63],[0.72,51.34],[0.73,10],[0.74,16.83],[0.75,10]]},"down":{"bids":[[0.29,434.63],[0.28,51.34],[0.27,10],[0.26,16.83],[0.25,10]],"asks":[[0.3,315.79],[0.31,472.24],[0.32,549],[0.33,265],[0.34,153.07]]}}
{"ts":1776550444614,"slug":"btc-updown-5m-1776550200","type":"remaining","seconds":55.4}
{"ts":1776550444614,"slug":"btc-updown-5m-1776550200","type":"btc_ticker","btcPrice":75676.6,"coinbasePrice":75683.74,"divergence":7.139999999999418}
{"ts":1776550444614,"slug":"btc-updown-5m-1776550200","type":"market_price","openPrice":75666.30022,"gap":10.3,"priceToBeat":75666.30022}
{"ts":1776550444614,"slug":"btc-updown-5m-1776550200","type":"strategy","event":"model_eval","remainingSecs":55,"spot":75676.6,"openPrice":75666.30022,"gap":10.299780000001192,"gapBps":1.361210997505435,"side":"UP","ask":0.71,"liquidityUsd":308.58729999999997,"bestBidUp":0.7,"bestBidDown":0.29,"bestAskUp":0.71,"bestAskDown":0.3,"trueProb":0.5634038583082814,"ev":-0.27861221727492774,"divergence":7.139999999999418,"feeBps":1000,"thresholds":{"minTrueProb":0.83,"minEv":0.015,"entryPriceMin":0.8,"entryPriceMax":0.97,"minLiquidityUsd":100}}
{"ts":1776550445070,"slug":"btc-updown-5m-1776550500","type":"orderbook_snapshot","up":{"bids":[[0.53,518.32],[0.52,45.53],[0.51,187.09],[0.5,273.66],[0.49,138]],"asks":[[0.54,1064.03],[0.55,160],[0.56,269],[0.57,82],[0.58,100.8]]},"down":{"bids":[[0.46,1064.03],[0.45,160],[0.44,269],[0.43,82],[0.42,100.8]],"asks":[[0.47,518.32],[0.48,45.53],[0.49,187.09],[0.5,273.66],[0.51,138]]}}
{"ts":1776550445070,"slug":"btc-updown-5m-1776550500","type":"remaining","seconds":354.9}
{"ts":1776550445071,"slug":"btc-updown-5m-1776550500","type":"btc_ticker","btcPrice":75676.6,"coinbasePrice":75683.74,"divergence":7.139999999999418}
{"ts":1776550445449,"slug":"btc-updown-5m-1776550200","type":"orderbook_snapshot","up":{"bids":[[0.7,304.45],[0.69,472.24],[0.68,549],[0.67,272.95],[0.66,161]],"asks":[[0.71,460.08],[0.72,57.68],[0.73,11.57],[0.74,16.83],[0.75,10]]},"down":{"bids":[[0.29,460.08],[0.28,57.68],[0.27,11.57],[0.26,16.83],[0.25,10]],"asks":[[0.3,304.45],[0.31,472.24],[0.32,549],[0.33,272.95],[0.34,161]]}}
{"ts":1776550445449,"slug":"btc-updown-5m-1776550200","type":"remaining","seconds":54.6}
{"ts":1776550445449,"slug":"btc-updown-5m-1776550200","type":"btc_ticker","btcPrice":75675.92,"coinbasePrice":75683.75,"divergence":7.830000000001746}
{"ts":1776550445449,"slug":"btc-updown-5m-1776550200","type":"market_price","openPrice":75666.30022,"gap":9.62,"priceToBeat":75666.30022}
{"ts":1776550446070,"slug":"btc-updown-5m-1776550500","type":"orderbook_snapshot","up":{"bids":[[0.53,526.32],[0.52,45.53],[0.51,192.09],[0.5,273.66],[0.49,138]],"asks":[[0.54,1077.82],[0.55,160],[0.56,269],[0.57,82],[0.58,100.8]]},"down":{"bids":[[0.46,1077.82],[0.45,160],[0.44,269],[0.43,82],[0.42,100.8]],"asks":[[0.47,526.32],[0.48,45.53],[0.49,192.09],[0.5,273.66],[0.51,138]]}}
{"ts":1776550446070,"slug":"btc-updown-5m-1776550500","type":"remaining","seconds":353.9}
{"ts":1776550446070,"slug":"btc-updown-5m-1776550500","type":"btc_ticker","btcPrice":75675.92,"coinbasePrice":75683.75,"divergence":7.830000000001746}
{"ts":1776550446449,"slug":"btc-updown-5m-1776550200","type":"orderbook_snapshot","up":{"bids":[[0.7,275.35],[0.69,472.38],[0.68,541],[0.67,180.95],[0.66,169.07]],"asks":[[0.71,463.47],[0.72,57.29],[0.73,23.15],[0.74,11.83],[0.75,10]]},"down":{"bids":[[0.29,463.47],[0.28,57.29],[0.27,23.15],[0.26,11.83],[0.25,10]],"asks":[[0.3,275.35],[0.31,472.38],[0.32,541],[0.33,180.95],[0.34,169.07]]}}
{"ts":1776550446449,"slug":"btc-updown-5m-1776550200","type":"remaining","seconds":53.6}
{"ts":1776550446449,"slug":"btc-updown-5m-1776550200","type":"btc_ticker","btcPrice":75675.92,"coinbasePrice":75683.74,"divergence":7.820000000006985}
{"ts":1776550446449,"slug":"btc-updown-5m-1776550200","type":"market_price","openPrice":75666.30022,"gap":9.62,"priceToBeat":75666.30022}
{"ts":1776550447070,"slug":"btc-updown-5m-1776550500","type":"orderbook_snapshot","up":{"bids":[[0.53,526.32],[0.52,51.53],[0.51,200.48],[0.5,283.66],[0.49,138]],"asks":[[0.54,1077.82],[0.55,160],[0.56,269],[0.57,82],[0.58,100.8]]},"down":{"bids":[[0.46,1077.82],[0.45,160],[0.44,269],[0.43,82],[0.42,100.8]],"asks":[[0.47,526.32],[0.48,51.53],[0.49,200.48],[0.5,283.66],[0.51,138]]}}
{"ts":1776550447070,"slug":"btc-updown-5m-1776550500","type":"remaining","seconds":352.9}
{"ts":1776550447071,"slug":"btc-updown-5m-1776550500","type":"btc_ticker","btcPrice":75675.91,"coinbasePrice":75683.74,"divergence":7.830000000001746}
{"ts":1776550447449,"slug":"btc-updown-5m-1776550200","type":"orderbook_snapshot","up":{"bids":[[0.7,5.36],[0.69,412.24],[0.68,530],[0.67,163],[0.66,174.07]],"asks":[[0.71,767.63],[0.72,67.29],[0.73,11.35],[0.74,21.83],[0.75,15]]},"down":{"bids":[[0.29,767.63],[0.28,67.29],[0.27,11.35],[0.26,21.83],[0.25,15]],"asks":[[0.3,5.36],[0.31,412.24],[0.32,530],[0.33,163],[0.34,174.07]]}}
{"ts":1776550447449,"slug":"btc-updown-5m-1776550200","type":"remaining","seconds":52.6}
{"ts":1776550447449,"slug":"btc-updown-5m-1776550200","type":"btc_ticker","btcPrice":75675.91,"coinbasePrice":75683.74,"divergence":7.830000000001746}
{"ts":1776550447449,"slug":"btc-updown-5m-1776550200","type":"market_price","openPrice":75666.30022,"gap":9.61,"priceToBeat":75666.30022}
{"ts":1776550448070,"slug":"btc-updown-5m-1776550500","type":"orderbook_snapshot","up":{"bids":[[0.53,526.32],[0.52,51.53],[0.51,200.48],[0.5,288.66],[0.49,138]],"asks":[[0.54,1077.82],[0.55,160],[0.56,269],[0.57,82],[0.58,100.8]]},"down":{"bids":[[0.46,1077.82],[0.45,160],[0.44,269],[0.43,82],[0.42,100.8]],"asks":[[0.47,526.32],[0.48,51.53],[0.49,200.48],[0.5,288.66],[0.51,138]]}}
{"ts":1776550448070,"slug":"btc-updown-5m-1776550500","type":"remaining","seconds":351.9}
{"ts":1776550448070,"slug":"btc-updown-5m-1776550500","type":"btc_ticker","btcPrice":75675.91,"coinbasePrice":75683.74,"divergence":7.830000000001746}
{"ts":1776550448450,"slug":"btc-updown-5m-1776550200","type":"orderbook_snapshot","up":{"bids":[[0.69,519.6],[0.68,510.22],[0.67,208.3],[0.66,181],[0.65,109.49]],"asks":[[0.7,338.6],[0.71,81.12],[0.72,43.63],[0.73,5],[0.74,15]]},"down":{"bids":[[0.3,338.6],[0.29,81.12],[0.28,43.63],[0.27,5],[0.26,15]],"asks":[[0.31,519.6],[0.32,510.22],[0.33,208.3],[0.34,181],[0.35,109.49]]}}
{"ts":1776550448450,"slug":"btc-updown-5m-1776550200","type":"remaining","seconds":51.5}
{"ts":1776550448450,"slug":"btc-updown-5m-1776550200","type":"btc_ticker","btcPrice":75675.91,"coinbasePrice":75683.74,"divergence":7.830000000001746}
{"ts":1776550448450,"slug":"btc-updown-5m-1776550200","type":"market_price","openPrice":75666.30022,"gap":9.61,"priceToBeat":75666.30022}
{"ts":1776550449069,"slug":"btc-updown-5m-1776550500","type":"orderbook_snapshot","up":{"bids":[[0.53,526.32],[0.52,51.53],[0.51,200.48],[0.5,288.66],[0.49,138]],"asks":[[0.54,1077.82],[0.55,160],[0.56,269],[0.57,82],[0.58,100.8]]},"down":{"bids":[[0.46,1077.82],[0.45,160],[0.44,269],[0.43,82],[0.42,100.8]],"asks":[[0.47,526.32],[0.48,51.53],[0.49,200.48],[0.5,288.66],[0.51,138]]}}
{"ts":1776550449070,"slug":"btc-updown-5m-1776550500","type":"remaining","seconds":350.9}
{"ts":1776550449070,"slug":"btc-updown-5m-1776550500","type":"btc_ticker","btcPrice":75675.91,"coinbasePrice":75683.75,"divergence":7.8399999999965075}
{"ts":1776550449450,"slug":"btc-updown-5m-1776550200","type":"orderbook_snapshot","up":{"bids":[[0.69,298.3],[0.68,525.22],[0.67,208.3],[0.66,171.38],[0.65,114.49]],"asks":[[0.7,329.36],[0.71,102.24],[0.72,32.29],[0.73,11.57],[0.74,15]]},"down":{"bids":[[0.3,329.36],[0.29,102.24],[0.28,32.29],[0.27,11.57],[0.26,15]],"asks":[[0.31,298.3],[0.32,525.22],[0.33,208.3],[0.34,171.38],[0.35,114.49]]}}
{"ts":1776550449450,"slug":"btc-updown-5m-1776550200","type":"remaining","seconds":50.5}
{"ts":1776550449450,"slug":"btc-updown-5m-1776550200","type":"btc_ticker","btcPrice":75675.96,"coinbasePrice":75683.75,"divergence":7.789999999993597}
{"ts":1776550449451,"slug":"btc-updown-5m-1776550200","type":"market_price","openPrice":75666.30022,"gap":9.66,"priceToBeat":75666.30022}
{"ts":1776550449627,"slug":"btc-updown-5m-1776550200","type":"orderbook_snapshot","up":{"bids":[[0.69,258.3],[0.68,525.22],[0.67,208.3],[0.66,171.38],[0.65,114.49]],"asks":[[0.7,397.22],[0.71,97.24],[0.72,32.29],[0.73,11.57],[0.74,15]]},"down":{"bids":[[0.3,397.22],[0.29,97.24],[0.28,32.29],[0.27,11.57],[0.26,15]],"asks":[[0.31,258.3],[0.32,525.22],[0.33,208.3],[0.34,171.38],[0.35,114.49]]}}
{"ts":1776550449627,"slug":"btc-updown-5m-1776550200","type":"remaining","seconds":50.4}
{"ts":1776550449627,"slug":"btc-updown-5m-1776550200","type":"btc_ticker","btcPrice":75675.96,"coinbasePrice":75683.75,"divergence":7.789999999993597}
{"ts":1776550449627,"slug":"btc-updown-5m-1776550200","type":"market_price","openPrice":75666.30022,"gap":9.66,"priceToBeat":75666.30022}
{"ts":1776550449627,"slug":"btc-updown-5m-1776550200","type":"strategy","event":"model_eval","remainingSecs":50,"spot":75675.96,"openPrice":75666.30022,"gap":9.659780000001774,"gapBps":1.2766290900858022,"side":"UP","ask":0.7,"liquidityUsd":278.054,"bestBidUp":0.69,"bestBidDown":0.3,"bestAskUp":0.7,"bestAskDown":0.31,"trueProb":0.5623750598958575,"ev":-0.26964277935602926,"divergence":7.789999999993597,"feeBps":1000,"thresholds":{"minTrueProb":0.83,"minEv":0.015,"entryPriceMin":0.8,"entryPriceMax":0.97,"minLiquidityUsd":100}}
{"ts":1776550450070,"slug":"btc-updown-5m-1776550500","type":"orderbook_snapshot","up":{"bids":[[0.53,516.32],[0.52,51.53],[0.51,200.48],[0.5,288.66],[0.49,138]],"asks":[[0.54,1077.82],[0.55,160],[0.56,269],[0.57,82],[0.58,100.8]]},"down":{"bids":[[0.46,1077.82],[0.45,160],[0.44,269],[0.43,82],[0.42,100.8]],"asks":[[0.47,516.32],[0.48,51.53],[0.49,200.48],[0.5,288.66],[0.51,138]]}}
{"ts":1776550450070,"slug":"btc-updown-5m-1776550500","type":"remaining","seconds":349.9}
{"ts":1776550450070,"slug":"btc-updown-5m-1776550500","type":"btc_ticker","btcPrice":75675.96,"coinbasePrice":75683.75,"divergence":7.789999999993597}
{"ts":1776550450450,"slug":"btc-updown-5m-1776550200","type":"orderbook_snapshot","up":{"bids":[[0.69,270.49],[0.68,546.94],[0.67,207.3],[0.66,189.38],[0.65,109.49]],"asks":[[0.7,222.17],[0.71,97.24],[0.72,38.63],[0.73,5],[0.74,10]]},"down":{"bids":[[0.3,222.17],[0.29,97.24],[0.28,38.63],[0.27,5],[0.26,10]],"asks":[[0.31,270.49],[0.32,546.94],[0.33,207.3],[0.34,189.38],[0.35,109.49]]}}
{"ts":1776550450450,"slug":"btc-updown-5m-1776550200","type":"remaining","seconds":49.5}
{"ts":1776550450450,"slug":"btc-updown-5m-1776550200","type":"btc_ticker","btcPrice":75675.63,"coinbasePrice":75683.75,"divergence":8.119999999995343}
{"ts":1776550450450,"slug":"btc-updown-5m-1776550200","type":"market_price","openPrice":75666.30022,"gap":9.33,"priceToBeat":75666.30022}
{"ts":1776550451070,"slug":"btc-updown-5m-1776550500","type":"orderbook_snapshot","up":{"bids":[[0.53,516.32],[0.52,51.53],[0.51,200.48],[0.5,288.66],[0.49,138]],"asks":[[0.54,1077.82],[0.55,160],[0.56,269],[0.57,82],[0.58,100.8]]},"down":{"bids":[[0.46,1077.82],[0.45,160],[0.44,269],[0.43,82],[0.42,100.8]],"asks":[[0.47,516.32],[0.48,51.53],[0.49,200.48],[0.5,288.66],[0.51,138]]}}
{"ts":1776550451071,"slug":"btc-updown-5m-1776550500","type":"remaining","seconds":348.9}
{"ts":1776550451071,"slug":"btc-updown-5m-1776550500","type":"btc_ticker","btcPrice":75675.63,"coinbasePrice":75683.75,"divergence":8.119999999995343}
{"ts":1776550451450,"slug":"btc-updown-5m-1776550200","type":"orderbook_snapshot","up":{"bids":[[0.69,158.13],[0.68,546.94],[0.67,201.3],[0.66,179.38],[0.65,109.49]],"asks":[[0.7,263.09],[0.71,66.12],[0.72,38.63],[0.73,11.57],[0.74,10]]},"down":{"bids":[[0.3,263.09],[0.29,66.12],[0.28,38.63],[0.27,11.57],[0.26,10]],"asks":[[0.31,158.13],[0.32,546.94],[0.33,201.3],[0.34,179.38],[0.35,109.49]]}}
{"ts":1776550451450,"slug":"btc-updown-5m-1776550200","type":"remaining","seconds":48.5}
{"ts":1776550451450,"slug":"btc-updown-5m-1776550200","type":"btc_ticker","btcPrice":75675.6,"coinbasePrice":75683.75,"divergence":8.14999999999418}
{"ts":1776550451450,"slug":"btc-updown-5m-1776550200","type":"market_price","openPrice":75666.30022,"gap":9.3,"priceToBeat":75666.30022}
{"ts":1776550452070,"slug":"btc-updown-5m-1776550500","type":"orderbook_snapshot","up":{"bids":[[0.53,516.32],[0.52,51.53],[0.51,200.48],[0.5,288.66],[0.49,138]],"asks":[[0.54,1077.82],[0.55,160],[0.56,269],[0.57,82],[0.58,100.8]]},"down":{"bids":[[0.46,1077.82],[0.45,160],[0.44,269],[0.43,82],[0.42,100.8]],"asks":[[0.47,516.32],[0.48,51.53],[0.49,200.48],[0.5,288.66],[0.51,138]]}}
{"ts":1776550452070,"slug":"btc-updown-5m-1776550500","type":"remaining","seconds":347.9}
{"ts":1776550452070,"slug":"btc-updown-5m-1776550500","type":"btc_ticker","btcPrice":75675.53,"coinbasePrice":75683.75,"divergence":8.220000000001164}
{"ts":1776550452450,"slug":"btc-updown-5m-1776550200","type":"orderbook_snapshot","up":{"bids":[[0.69,464.09],[0.68,424.33],[0.67,181.6],[0.66,191.07],[0.65,101.3]],"asks":[[0.7,21],[0.71,5],[0.72,5],[0.73,5],[0.74,30.48]]},"down":{"bids":[[0.3,21],[0.29,5],[0.28,5],[0.27,5],[0.26,30.48]],"asks":[[0.31,464.09],[0.32,424.33],[0.33,181.6],[0.34,191.07],[0.35,101.3]]}}
{"ts":1776550452450,"slug":"btc-updown-5m-1776550200","type":"remaining","seconds":47.5}
{"ts":1776550452451,"slug":"btc-updown-5m-1776550200","type":"btc_ticker","btcPrice":75675.53,"coinbasePrice":75683.75,"divergence":8.220000000001164}
{"ts":1776550452451,"slug":"btc-updown-5m-1776550200","type":"market_price","openPrice":75666.30022,"gap":9.23,"priceToBeat":75666.30022}
{"ts":1776550453070,"slug":"btc-updown-5m-1776550500","type":"orderbook_snapshot","up":{"bids":[[0.53,516.32],[0.52,51.53],[0.51,200.48],[0.5,288.66],[0.49,138]],"asks":[[0.54,1077.82],[0.55,160],[0.56,269],[0.57,82],[0.58,100.8]]},"down":{"bids":[[0.46,1077.82],[0.45,160],[0.44,269],[0.43,82],[0.42,100.8]],"asks":[[0.47,516.32],[0.48,51.53],[0.49,200.48],[0.5,288.66],[0.51,138]]}}
{"ts":1776550453070,"slug":"btc-updown-5m-1776550500","type":"remaining","seconds":346.9}
{"ts":1776550453072,"slug":"btc-updown-5m-1776550500","type":"btc_ticker","btcPrice":75675.53,"coinbasePrice":75683.75,"divergence":8.220000000001164}
{"ts":1776550453450,"slug":"btc-updown-5m-1776550200","type":"orderbook_snapshot","up":{"bids":[[0.73,417.28],[0.72,70.13],[0.71,126.12],[0.7,144.83],[0.69,26.8]],"asks":[[0.74,24.05],[0.75,10],[0.76,26.7],[0.77,136.11],[0.78,36.11]]},"down":{"bids":[[0.26,24.05],[0.25,10],[0.24,26.7],[0.23,136.11],[0.22,36.11]],"asks":[[0.27,417.28],[0.28,70.13],[0.29,126.12],[0.3,144.83],[0.31,26.8]]}}
{"ts":1776550453450,"slug":"btc-updown-5m-1776550200","type":"remaining","seconds":46.5}
{"ts":1776550453450,"slug":"btc-updown-5m-1776550200","type":"btc_ticker","btcPrice":75675.53,"coinbasePrice":75683.75,"divergence":8.220000000001164}
{"ts":1776550453450,"slug":"btc-updown-5m-1776550200","type":"market_price","openPrice":75666.30022,"gap":9.23,"priceToBeat":75666.30022}
{"ts":1776550454070,"slug":"btc-updown-5m-1776550500","type":"orderbook_snapshot","up":{"bids":[[0.53,516.32],[0.52,51.53],[0.51,200.48],[0.5,288.66],[0.49,138]],"asks":[[0.54,1077.82],[0.55,160],[0.56,269],[0.57,82],[0.58,100.8]]},"down":{"bids":[[0.46,1077.82],[0.45,160],[0.44,269],[0.43,82],[0.42,100.8]],"asks":[[0.47,516.32],[0.48,51.53],[0.49,200.48],[0.5,288.66],[0.51,138]]}}
{"ts":1776550454070,"slug":"btc-updown-5m-1776550500","type":"remaining","seconds":345.9}
{"ts":1776550454070,"slug":"btc-updown-5m-1776550500","type":"btc_ticker","btcPrice":75675.58,"coinbasePrice":75683.75,"divergence":8.169999999998254}
{"ts":1776550454450,"slug":"btc-updown-5m-1776550200","type":"orderbook_snapshot","up":{"bids":[[0.75,634.25],[0.74,186.12],[0.73,70.59],[0.72,20.67],[0.71,22.5]],"asks":[[0.76,100.32],[0.77,16],[0.78,15],[0.79,10],[0.8,40]]},"down":{"bids":[[0.24,100.32],[0.23,16],[0.22,15],[0.21,10],[0.2,40]],"asks":[[0.25,634.25],[0.26,186.12],[0.27,70.59],[0.28,20.67],[0.29,22.5]]}}
{"ts":1776550454450,"slug":"btc-updown-5m-1776550200","type":"remaining","seconds":45.5}
{"ts":1776550454450,"slug":"btc-updown-5m-1776550200","type":"btc_ticker","btcPrice":75675.58,"coinbasePrice":75691.08,"divergence":15.5}
{"ts":1776550454450,"slug":"btc-updown-5m-1776550200","type":"market_price","openPrice":75666.30022,"gap":9.28,"priceToBeat":75666.30022}
{"ts":1776550454640,"slug":"btc-updown-5m-1776550200","type":"orderbook_snapshot","up":{"bids":[[0.76,352.83],[0.75,401.64],[0.74,45],[0.73,34.18],[0.72,15.41]],"asks":[[0.77,16],[0.78,15],[0.79,10],[0.8,40],[0.81,161]]},"down":{"bids":[[0.23,16],[0.22,15],[0.21,10],[0.2,40],[0.19,161]],"asks":[[0.24,352.83],[0.25,401.64],[0.26,45],[0.27,34.18],[0.28,15.41]]}}
{"ts":1776550454640,"slug":"btc-updown-5m-1776550200","type":"remaining","seconds":45.4}
{"ts":1776550454640,"slug":"btc-updown-5m-1776550200","type":"btc_ticker","btcPrice":75675.62,"coinbasePrice":75691.08,"divergence":15.460000000006403}
{"ts":1776550454640,"slug":"btc-updown-5m-1776550200","type":"market_price","openPrice":75666.30022,"gap":9.32,"priceToBeat":75666.30022}
{"ts":1776550454640,"slug":"btc-updown-5m-1776550200","type":"strategy","event":"model_eval","remainingSecs":45,"spot":75675.62,"openPrice":75666.30022,"gap":9.319779999990715,"gapBps":1.23169495176762,"side":"UP","ask":0.77,"liquidityUsd":12.32,"bestBidUp":0.76,"bestBidDown":0.23,"bestAskUp":0.77,"bestAskDown":0.24,"trueProb":0.563425980980349,"ev":-0.3347981334352433,"divergence":15.460000000006403,"feeBps":1000,"thresholds":{"minTrueProb":0.83,"minEv":0.015,"entryPriceMin":0.8,"entryPriceMax":0.97,"minLiquidityUsd":100}}
{"ts":1776550455070,"slug":"btc-updown-5m-1776550500","type":"orderbook_snapshot","up":{"bids":[[0.53,516.32],[0.52,251.53],[0.51,200.48],[0.5,288.66],[0.49,138]],"asks":[[0.54,1077.82],[0.55,160],[0.56,269],[0.57,82],[0.58,100.8]]},"down":{"bids":[[0.46,1077.82],[0.45,160],[0.44,269],[0.43,82],[0.42,100.8]],"asks":[[0.47,516.32],[0.48,251.53],[0.49,200.48],[0.5,288.66],[0.51,138]]}}
{"ts":1776550455070,"slug":"btc-updown-5m-1776550500","type":"remaining","seconds":344.9}
{"ts":1776550455070,"slug":"btc-updown-5m-1776550500","type":"btc_ticker","btcPrice":75675.62,"coinbasePrice":75689.22,"divergence":13.60000000000582}
{"ts":1776550455450,"slug":"btc-updown-5m-1776550200","type":"orderbook_snapshot","up":{"bids":[[0.8,757.29],[0.79,184.68],[0.78,246.37],[0.77,16.37],[0.76,20]],"asks":[[0.81,78.57],[0.82,146],[0.83,151.94],[0.84,132],[0.85,77]]},"down":{"bids":[[0.19,78.57],[0.18,146],[0.17,151.94],[0.16,132],[0.15,77]],"asks":[[0.2,757.29],[0.21,184.68],[0.22,246.37],[0.23,16.37],[0.24,20]]}}
{"ts":1776550455450,"slug":"btc-updown-5m-1776550200","type":"remaining","seconds":44.5}
{"ts":1776550455450,"slug":"btc-updown-5m-1776550200","type":"btc_ticker","btcPrice":75675.62,"coinbasePrice":75691.31,"divergence":15.690000000002328}
{"ts":1776550455450,"slug":"btc-updown-5m-1776550200","type":"market_price","openPrice":75666.30022,"gap":9.32,"priceToBeat":75666.30022}
{"ts":1776550456070,"slug":"btc-updown-5m-1776550500","type":"orderbook_snapshot","up":{"bids":[[0.53,516.32],[0.52,251.53],[0.51,200.48],[0.5,288.66],[0.49,138]],"asks":[[0.54,1077.82],[0.55,160],[0.56,269],[0.57,82],[0.58,100.8]]},"down":{"bids":[[0.46,1077.82],[0.45,160],[0.44,269],[0.43,82],[0.42,100.8]],"asks":[[0.47,516.32],[0.48,251.53],[0.49,200.48],[0.5,288.66],[0.51,138]]}}
{"ts":1776550456070,"slug":"btc-updown-5m-1776550500","type":"remaining","seconds":343.9}
{"ts":1776550456070,"slug":"btc-updown-5m-1776550500","type":"btc_ticker","btcPrice":75675.62,"coinbasePrice":75691.82,"divergence":16.20000000001164}
{"ts":1776550456450,"slug":"btc-updown-5m-1776550200","type":"orderbook_snapshot","up":{"bids":[[0.9,258.11],[0.89,622.15],[0.88,96.66],[0.87,76],[0.86,5]],"asks":[[0.91,195.43],[0.92,288.9],[0.93,577.3],[0.94,375.46],[0.95,775.97]]},"down":{"bids":[[0.09,195.43],[0.08,288.9],[0.07,577.3],[0.06,375.46],[0.05,775.97]],"asks":[[0.1,258.11],[0.11,622.15],[0.12,96.66],[0.13,76],[0.14,5]]}}
{"ts":1776550456450,"slug":"btc-updown-5m-1776550200","type":"remaining","seconds":43.5}
{"ts":1776550456450,"slug":"btc-updown-5m-1776550200","type":"btc_ticker","btcPrice":75675.62,"coinbasePrice":75695.05,"divergence":19.430000000007567}
{"ts":1776550456450,"slug":"btc-updown-5m-1776550200","type":"market_price","openPrice":75666.30022,"gap":9.32,"priceToBeat":75666.30022}
{"ts":1776550457070,"slug":"btc-updown-5m-1776550500","type":"orderbook_snapshot","up":{"bids":[[0.53,516.32],[0.52,251.53],[0.51,200.48],[0.5,288.66],[0.49,138]],"asks":[[0.54,1077.82],[0.55,160],[0.56,269],[0.57,82],[0.58,100.8]]},"down":{"bids":[[0.46,1077.82],[0.45,160],[0.44,269],[0.43,82],[0.42,100.8]],"asks":[[0.47,516.32],[0.48,251.53],[0.49,200.48],[0.5,288.66],[0.51,138]]}}
{"ts":1776550457070,"slug":"btc-updown-5m-1776550500","type":"remaining","seconds":342.9}
{"ts":1776550457070,"slug":"btc-updown-5m-1776550500","type":"btc_ticker","btcPrice":75679.21502,"coinbasePrice":75695.04,"divergence":15.824979999990319}
{"ts":1776550457451,"slug":"btc-updown-5m-1776550200","type":"orderbook_snapshot","up":{"bids":[[0.9,796.54],[0.89,224.63],[0.88,113.29],[0.87,32.69],[0.86,5]],"asks":[[0.91,188.9],[0.92,275],[0.93,662.3],[0.94,405.17],[0.95,757.81]]},"down":{"bids":[[0.09,188.9],[0.08,275],[0.07,662.3],[0.06,405.17],[0.05,757.81]],"asks":[[0.1,796.54],[0.11,224.63],[0.12,113.29],[0.13,32.69],[0.14,5]]}}
{"ts":1776550457451,"slug":"btc-updown-5m-1776550200","type":"remaining","seconds":42.5}
{"ts":1776550457451,"slug":"btc-updown-5m-1776550200","type":"btc_ticker","btcPrice":75679.21502,"coinbasePrice":75695.05,"divergence":15.834979999999632}
{"ts":1776550457451,"slug":"btc-updown-5m-1776550200","type":"market_price","openPrice":75666.30022,"gap":12.91,"priceToBeat":75666.30022}
{"ts":1776550458070,"slug":"btc-updown-5m-1776550500","type":"orderbook_snapshot","up":{"bids":[[0.53,516.32],[0.52,251.53],[0.51,200.48],[0.5,288.66],[0.49,138]],"asks":[[0.54,1077.82],[0.55,160],[0.56,269],[0.57,82],[0.58,100.8]]},"down":{"bids":[[0.46,1077.82],[0.45,160],[0.44,269],[0.43,82],[0.42,100.8]],"asks":[[0.47,516.32],[0.48,251.53],[0.49,200.48],[0.5,288.66],[0.51,138]]}}
{"ts":1776550458071,"slug":"btc-updown-5m-1776550500","type":"remaining","seconds":341.9}
{"ts":1776550458071,"slug":"btc-updown-5m-1776550500","type":"btc_ticker","btcPrice":75680.04297,"coinbasePrice":75697.82,"divergence":17.77703000001202}
{"ts":1776550458451,"slug":"btc-updown-5m-1776550200","type":"orderbook_snapshot","up":{"bids":[[0.9,824.46],[0.89,228],[0.88,191.39],[0.87,21.06],[0.86,15.36]],"asks":[[0.91,35.52],[0.92,264.43],[0.93,737.5],[0.94,358.37],[0.95,777.81]]},"down":{"bids":[[0.09,35.52],[0.08,264.43],[0.07,737.5],[0.06,358.37],[0.05,777.81]],"asks":[[0.1,824.46],[0.11,228],[0.12,191.39],[0.13,21.06],[0.14,15.36]]}}
{"ts":1776550458451,"slug":"btc-updown-5m-1776550200","type":"remaining","seconds":41.5}
{"ts":1776550458451,"slug":"btc-updown-5m-1776550200","type":"btc_ticker","btcPrice":75680.04297,"coinbasePrice":75697.81,"divergence":17.767030000002705}
{"ts":1776550458451,"slug":"btc-updown-5m-1776550200","type":"market_price","openPrice":75666.30022,"gap":13.74,"priceToBeat":75666.30022}
{"ts":1776550459069,"slug":"btc-updown-5m-1776550500","type":"orderbook_snapshot","up":{"bids":[[0.53,516.32],[0.52,251.53],[0.51,200.48],[0.5,288.66],[0.49,138]],"asks":[[0.54,1077.82],[0.55,160],[0.56,269],[0.57,82],[0.58,100.8]]},"down":{"bids":[[0.46,1077.82],[0.45,160],[0.44,269],[0.43,82],[0.42,100.8]],"asks":[[0.47,516.32],[0.48,251.53],[0.49,200.48],[0.5,288.66],[0.51,138]]}}
{"ts":1776550459070,"slug":"btc-updown-5m-1776550500","type":"remaining","seconds":340.9}
{"ts":1776550459070,"slug":"btc-updown-5m-1776550500","type":"btc_ticker","btcPrice":75682.68911,"coinbasePrice":75697.81,"divergence":15.12088999999105}
{"ts":1776550459451,"slug":"btc-updown-5m-1776550200","type":"orderbook_snapshot","up":{"bids":[[0.91,350.86],[0.9,287.86],[0.89,252.88],[0.88,152.04],[0.87,25]],"asks":[[0.92,326.06],[0.93,898.99],[0.94,335.66],[0.95,795.96],[0.96,519.77]]},"down":{"bids":[[0.08,326.06],[0.07,898.99],[0.06,335.66],[0.05,795.96],[0.04,519.77]],"asks":[[0.09,350.86],[0.1,287.86],[0.11,252.88],[0.12,152.04],[0.13,25]]}}
{"ts":1776550459451,"slug":"btc-updown-5m-1776550200","type":"remaining","seconds":40.5}
{"ts":1776550459451,"slug":"btc-updown-5m-1776550200","type":"btc_ticker","btcPrice":75683.34199,"coinbasePrice":75697.82,"divergence":14.47801000000618}
{"ts":1776550459451,"slug":"btc-updown-5m-1776550200","type":"market_price","openPrice":75666.30022,"gap":17.04,"priceToBeat":75666.30022}
{"ts":1776550459645,"slug":"btc-updown-5m-1776550200","type":"orderbook_snapshot","up":{"bids":[[0.92,248.96],[0.91,226.06],[0.9,290.85],[0.89,127.02],[0.88,139.18]],"asks":[[0.93,876.3],[0.94,500.37],[0.95,701.66],[0.96,615.77],[0.97,1460.96]]},"down":{"bids":[[0.07,876.3],[0.06,500.37],[0.05,701.66],[0.04,615.77],[0.03,1460.96]],"asks":[[0.08,248.96],[0.09,226.06],[0.1,290.85],[0.11,127.02],[0.12,139.18]]}}
{"ts":1776550459645,"slug":"btc-updown-5m-1776550200","type":"remaining","seconds":40.4}
{"ts":1776550459645,"slug":"btc-updown-5m-1776550200","type":"btc_ticker","btcPrice":75683.34199,"coinbasePrice":75697.82,"divergence":14.47801000000618}
{"ts":1776550459645,"slug":"btc-updown-5m-1776550200","type":"market_price","openPrice":75666.30022,"gap":17.04,"priceToBeat":75666.30022}
{"ts":1776550459645,"slug":"btc-updown-5m-1776550200","type":"strategy","event":"model_eval","remainingSecs":40,"spot":75683.34199,"openPrice":75666.30022,"gap":17.041769999996177,"gapBps":2.252227206886973,"side":"UP","ask":0.93,"liquidityUsd":814.959,"bestBidUp":0.92,"bestBidDown":0.07,"bestAskUp":0.93,"bestAskDown":0.08,"trueProb":0.6215899713504182,"ev":-0.39238516974543686,"divergence":14.47801000000618,"feeBps":1000,"thresholds":{"minTrueProb":0.83,"minEv":0.015,"entryPriceMin":0.8,"entryPriceMax":0.97,"minLiquidityUsd":100}}
{"ts":1776550460070,"slug":"btc-updown-5m-1776550500","type":"orderbook_snapshot","up":{"bids":[[0.53,511.12],[0.52,251.53],[0.51,200.48],[0.5,288.66],[0.49,138]],"asks":[[0.54,1077.82],[0.55,160],[0.56,269],[0.57,82],[0.58,100.8]]},"down":{"bids":[[0.46,1077.82],[0.45,160],[0.44,269],[0.43,82],[0.42,100.8]],"asks":[[0.47,511.12],[0.48,251.53],[0.49,200.48],[0.5,288.66],[0.51,138]]}}
{"ts":1776550460070,"slug":"btc-updown-5m-1776550500","type":"remaining","seconds":339.9}
{"ts":1776550460070,"slug":"btc-updown-5m-1776550500","type":"btc_ticker","btcPrice":75683.34199,"coinbasePrice":75697.81,"divergence":14.468009999996866}
{"ts":1776550460452,"slug":"btc-updown-5m-1776550200","type":"orderbook_snapshot","up":{"bids":[[0.92,320.64],[0.91,189.31],[0.9,270.7],[0.89,125.88],[0.88,148.18]],"asks":[[0.93,756.87],[0.94,488.16],[0.95,797.31],[0.96,662.27],[0.97,1342.11]]},"down":{"bids":[[0.07,756.87],[0.06,488.16],[0.05,797.31],[0.04,662.27],[0.03,1342.11]],"asks":[[0.08,320.64],[0.09,189.31],[0.1,270.7],[0.11,125.88],[0.12,148.18]]}}
{"ts":1776550460452,"slug":"btc-updown-5m-1776550200","type":"remaining","seconds":39.5}
{"ts":1776550460452,"slug":"btc-updown-5m-1776550200","type":"btc_ticker","btcPrice":75683.34199,"coinbasePrice":75697.82,"divergence":14.47801000000618}
{"ts":1776550460452,"slug":"btc-updown-5m-1776550200","type":"market_price","openPrice":75666.30022,"gap":17.04,"priceToBeat":75666.30022}
{"ts":1776550461070,"slug":"btc-updown-5m-1776550500","type":"orderbook_snapshot","up":{"bids":[[0.53,511.12],[0.52,251.53],[0.51,200.48],[0.5,288.66],[0.49,138]],"asks":[[0.54,1077.82],[0.55,160],[0.56,269],[0.57,82],[0.58,100.8]]},"down":{"bids":[[0.46,1077.82],[0.45,160],[0.44,269],[0.43,82],[0.42,100.8]],"asks":[[0.47,511.12],[0.48,251.53],[0.49,200.48],[0.5,288.66],[0.51,138]]}}
{"ts":1776550461070,"slug":"btc-updown-5m-1776550500","type":"remaining","seconds":338.9}
{"ts":1776550461070,"slug":"btc-updown-5m-1776550500","type":"btc_ticker","btcPrice":75686.41618,"coinbasePrice":75697.82,"divergence":11.403820000006817}
{"ts":1776550461453,"slug":"btc-updown-5m-1776550200","type":"orderbook_snapshot","up":{"bids":[[0.92,623.58],[0.91,301.76],[0.9,167.96],[0.89,26.24],[0.88,218.58]],"asks":[[0.93,117.3],[0.94,346.44],[0.95,684.19],[0.96,555.4],[0.97,1302.53]]},"down":{"bids":[[0.07,117.3],[0.06,346.44],[0.05,684.19],[0.04,555.4],[0.03,1302.53]],"asks":[[0.08,623.58],[0.09,301.76],[0.1,167.96],[0.11,26.24],[0.12,218.58]]}}
{"ts":1776550461453,"slug":"btc-updown-5m-1776550200","type":"remaining","seconds":38.5}
{"ts":1776550461453,"slug":"btc-updown-5m-1776550200","type":"btc_ticker","btcPrice":75686.41618,"coinbasePrice":75698.47,"divergence":12.053820000000997}
{"ts":1776550461453,"slug":"btc-updown-5m-1776550200","type":"market_price","openPrice":75666.30022,"gap":20.12,"priceToBeat":75666.30022}
{"ts":1776550462070,"slug":"btc-updown-5m-1776550500","type":"orderbook_snapshot","up":{"bids":[[0.53,511.12],[0.52,236.53],[0.51,200.48],[0.5,288.66],[0.49,138]],"asks":[[0.54,1077.82],[0.55,160],[0.56,269],[0.57,82],[0.58,100.8]]},"down":{"bids":[[0.46,1077.82],[0.45,160],[0.44,269],[0.43,82],[0.42,100.8]],"asks":[[0.47,511.12],[0.48,236.53],[0.49,200.48],[0.5,288.66],[0.51,138]]}}
{"ts":1776550462070,"slug":"btc-updown-5m-1776550500","type":"remaining","seconds":337.9}
{"ts":1776550462070,"slug":"btc-updown-5m-1776550500","type":"btc_ticker","btcPrice":75686.53065,"coinbasePrice":75701.51,"divergence":14.979349999994156}
{"ts":1776550462453,"slug":"btc-updown-5m-1776550200","type":"orderbook_snapshot","up":{"bids":[[0.95,548.83],[0.94,412.37],[0.93,272.81],[0.92,347.78],[0.91,366.46]],"asks":[[0.96,196.01],[0.97,1236.18],[0.98,4835.51],[0.99,27299.72]]},"down":{"bids":[[0.04,196.01],[0.03,1236.18],[0.02,4835.51],[0.01,27299.72]],"asks":[[0.05,548.83],[0.06,412.37],[0.07,272.81],[0.08,347.78],[0.09,366.46]]}}
{"ts":1776550462453,"slug":"btc-updown-5m-1776550200","type":"remaining","seconds":37.5}
{"ts":1776550462453,"slug":"btc-updown-5m-1776550200","type":"btc_ticker","btcPrice":75686.53065,"coinbasePrice":75703.98,"divergence":17.44934999999532}
{"ts":1776550462453,"slug":"btc-updown-5m-1776550200","type":"market_price","openPrice":75666.30022,"gap":20.23,"priceToBeat":75666.30022}
{"ts":1776550463070,"slug":"btc-updown-5m-1776550500","type":"orderbook_snapshot","up":{"bids":[[0.53,511.12],[0.52,236.53],[0.51,195.48],[0.5,294.66],[0.49,138]],"asks":[[0.54,1062.82],[0.55,160],[0.56,269],[0.57,82],[0.58,100.8]]},"down":{"bids":[[0.46,1062.82],[0.45,160],[0.44,269],[0.43,82],[0.42,100.8]],"asks":[[0.47,511.12],[0.48,236.53],[0.49,195.48],[0.5,294.66],[0.51,138]]}}
{"ts":1776550463070,"slug":"btc-updown-5m-1776550500","type":"remaining","seconds":336.9}
{"ts":1776550463070,"slug":"btc-updown-5m-1776550500","type":"btc_ticker","btcPrice":75686.60695,"coinbasePrice":75714.53,"divergence":27.923049999997602}
{"ts":1776550463453,"slug":"btc-updown-5m-1776550200","type":"orderbook_snapshot","up":{"bids":[[0.95,912.4],[0.94,365.96],[0.93,231.4],[0.92,214.55],[0.91,207.31]],"asks":[[0.96,142.12],[0.97,1085.18],[0.98,4573.51],[0.99,27713.03]]},"down":{"bids":[[0.04,142.12],[0.03,1085.18],[0.02,4573.51],[0.01,27713.03]],"asks":[[0.05,912.4],[0.06,365.96],[0.07,231.4],[0.08,214.55],[0.09,207.31]]}}
{"ts":1776550463454,"slug":"btc-updown-5m-1776550200","type":"remaining","seconds":36.5}
{"ts":1776550463454,"slug":"btc-updown-5m-1776550200","type":"btc_ticker","btcPrice":75686.60695,"coinbasePrice":75717.08,"divergence":30.473050000000512}
{"ts":1776550463454,"slug":"btc-updown-5m-1776550200","type":"market_price","openPrice":75666.30022,"gap":20.31,"priceToBeat":75666.30022}
{"ts":1776550464070,"slug":"btc-updown-5m-1776550500","type":"orderbook_snapshot","up":{"bids":[[0.53,511.12],[0.52,236.53],[0.51,195.48],[0.5,304.66],[0.49,138]],"asks":[[0.54,1054.67],[0.55,160],[0.56,269],[0.57,82],[0.58,100.8]]},"down":{"bids":[[0.46,1054.67],[0.45,160],[0.44,269],[0.43,82],[0.42,100.8]],"asks":[[0.47,511.12],[0.48,236.53],[0.49,195.48],[0.5,304.66],[0.51,138]]}}
{"ts":1776550464070,"slug":"btc-updown-5m-1776550500","type":"remaining","seconds":335.9}
{"ts":1776550464070,"slug":"btc-updown-5m-1776550500","type":"btc_ticker","btcPrice":75689.98413,"coinbasePrice":75717.09,"divergence":27.105869999999413}
{"ts":1776550464453,"slug":"btc-updown-5m-1776550200","type":"orderbook_snapshot","up":{"bids":[[0.94,644.02],[0.93,401.4],[0.92,239.78],[0.91,231.39],[0.9,20]],"asks":[[0.95,189.67],[0.96,174.94],[0.97,1059.41],[0.98,4683.57],[0.99,27713.03]]},"down":{"bids":[[0.05,189.67],[0.04,174.94],[0.03,1059.41],[0.02,4683.57],[0.01,27713.03]],"asks":[[0.06,644.02],[0.07,401.4],[0.08,239.78],[0.09,231.39],[0.1,20]]}}
{"ts":1776550464453,"slug":"btc-updown-5m-1776550200","type":"remaining","seconds":35.5}
{"ts":1776550464453,"slug":"btc-updown-5m-1776550200","type":"btc_ticker","btcPrice":75689.98413,"coinbasePrice":75717.09,"divergence":27.105869999999413}
{"ts":1776550464453,"slug":"btc-updown-5m-1776550200","type":"market_price","openPrice":75666.30022,"gap":23.68,"priceToBeat":75666.30022}
{"ts":1776550464656,"slug":"btc-updown-5m-1776550200","type":"orderbook_snapshot","up":{"bids":[[0.94,527.77],[0.93,400.92],[0.92,206.06],[0.91,230.83],[0.9,34.32]],"asks":[[0.95,158.32],[0.96,158.62],[0.97,1118.2],[0.98,4764.14],[0.99,27713.03]]},"down":{"bids":[[0.05,158.32],[0.04,158.62],[0.03,1118.2],[0.02,4764.14],[0.01,27713.03]],"asks":[[0.06,527.77],[0.07,400.92],[0.08,206.06],[0.09,230.83],[0.1,34.32]]}}
{"ts":1776550464656,"slug":"btc-updown-5m-1776550200","type":"remaining","seconds":35.3}
{"ts":1776550464656,"slug":"btc-updown-5m-1776550200","type":"btc_ticker","btcPrice":75689.98413,"coinbasePrice":75717.08,"divergence":27.095870000004652}
{"ts":1776550464656,"slug":"btc-updown-5m-1776550200","type":"market_price","openPrice":75666.30022,"gap":23.68,"priceToBeat":75666.30022}
{"ts":1776550464656,"slug":"btc-updown-5m-1776550200","type":"strategy","event":"model_eval","remainingSecs":35,"spot":75689.98413,"openPrice":75666.30022,"gap":23.683909999992466,"gapBps":3.1300473171189056,"side":"UP","ask":0.95,"liquidityUsd":150.404,"bestBidUp":0.94,"bestBidDown":0.05,"bestAskUp":0.95,"bestAskDown":0.06,"trueProb":0.6772651433123985,"ev":-0.35189938439004925,"divergence":27.095870000004652,"feeBps":1000,"thresholds":{"minTrueProb":0.83,"minEv":0.015,"entryPriceMin":0.8,"entryPriceMax":0.97,"minLiquidityUsd":100}}
{"ts":1776550465070,"slug":"btc-updown-5m-1776550500","type":"orderbook_snapshot","up":{"bids":[[0.53,511.12],[0.52,251.53],[0.51,195.48],[0.5,304.66],[0.49,128]],"asks":[[0.54,1069.67],[0.55,160],[0.56,269],[0.57,82],[0.58,100.8]]},"down":{"bids":[[0.46,1069.67],[0.45,160],[0.44,269],[0.43,82],[0.42,100.8]],"asks":[[0.47,511.12],[0.48,251.53],[0.49,195.48],[0.5,304.66],[0.51,128]]}}
{"ts":1776550465070,"slug":"btc-updown-5m-1776550500","type":"remaining","seconds":334.9}
{"ts":1776550465070,"slug":"btc-updown-5m-1776550500","type":"btc_ticker","btcPrice":75696.5432615551,"coinbasePrice":75717.08,"divergence":20.536738444905495}
{"ts":1776550465453,"slug":"btc-updown-5m-1776550200","type":"orderbook_snapshot","up":{"bids":[[0.94,468.41],[0.93,425.92],[0.92,180.06],[0.91,215.83],[0.9,74.32]],"asks":[[0.95,138.6],[0.96,158.62],[0.97,1118.2],[0.98,4764.14],[0.99,27713.03]]},"down":{"bids":[[0.05,138.6],[0.04,158.62],[0.03,1118.2],[0.02,4764.14],[0.01,27713.03]],"asks":[[0.06,468.41],[0.07,425.92],[0.08,180.06],[0.09,215.83],[0.1,74.32]]}}
{"ts":1776550465453,"slug":"btc-updown-5m-1776550200","type":"remaining","seconds":34.5}
{"ts":1776550465453,"slug":"btc-updown-5m-1776550200","type":"btc_ticker","btcPrice":75696.5432615551,"coinbasePrice":75717.08,"divergence":20.536738444905495}
{"ts":1776550465453,"slug":"btc-updown-5m-1776550200","type":"market_price","openPrice":75666.30022,"gap":30.24,"priceToBeat":75666.30022}
{"ts":1776550466070,"slug":"btc-updown-5m-1776550500","type":"orderbook_snapshot","up":{"bids":[[0.53,511.12],[0.52,251.53],[0.51,195.48],[0.5,304.66],[0.49,128]],"asks":[[0.54,1069.67],[0.55,160],[0.56,269],[0.57,82],[0.58,100.8]]},"down":{"bids":[[0.46,1069.67],[0.45,160],[0.44,269],[0.43,82],[0.42,100.8]],"asks":[[0.47,511.12],[0.48,251.53],[0.49,195.48],[0.5,304.66],[0.51,128]]}}
{"ts":1776550466071,"slug":"btc-updown-5m-1776550500","type":"remaining","seconds":333.9}
{"ts":1776550466071,"slug":"btc-updown-5m-1776550500","type":"btc_ticker","btcPrice":75698.49192,"coinbasePrice":75717.08,"divergence":18.588080000001355}
{"ts":1776550466454,"slug":"btc-updown-5m-1776550200","type":"orderbook_snapshot","up":{"bids":[[0.94,527.39],[0.93,420.92],[0.92,170.06],[0.91,231.01],[0.9,74.32]],"asks":[[0.95,160.72],[0.96,158.62],[0.97,1118.2],[0.98,4781.14],[0.99,28218.03]]},"down":{"bids":[[0.05,160.72],[0.04,158.62],[0.03,1118.2],[0.02,4781.14],[0.01,28218.03]],"asks":[[0.06,527.39],[0.07,420.92],[0.08,170.06],[0.09,231.01],[0.1,74.32]]}}
{"ts":1776550466454,"slug":"btc-updown-5m-1776550200","type":"remaining","seconds":33.5}
{"ts":1776550466454,"slug":"btc-updown-5m-1776550200","type":"btc_ticker","btcPrice":75698.49192,"coinbasePrice":75717.09,"divergence":18.598079999996116}
{"ts":1776550466454,"slug":"btc-updown-5m-1776550200","type":"market_price","openPrice":75666.30022,"gap":32.19,"priceToBeat":75666.30022}
{"ts":1776550467071,"slug":"btc-updown-5m-1776550500","type":"orderbook_snapshot","up":{"bids":[[0.53,511.12],[0.52,251.53],[0.51,195.48],[0.5,304.66],[0.49,128]],"asks":[[0.54,1069.67],[0.55,160],[0.56,269],[0.57,82],[0.58,100.8]]},"down":{"bids":[[0.46,1069.67],[0.45,160],[0.44,269],[0.43,82],[0.42,100.8]],"asks":[[0.47,511.12],[0.48,251.53],[0.49,195.48],[0.5,304.66],[0.51,128]]}}
{"ts":1776550467072,"slug":"btc-updown-5m-1776550500","type":"remaining","seconds":332.9}
{"ts":1776550467072,"slug":"btc-updown-5m-1776550500","type":"btc_ticker","btcPrice":75698.49192,"coinbasePrice":75717.08,"divergence":18.588080000001355}
{"ts":1776550467454,"slug":"btc-updown-5m-1776550200","type":"orderbook_snapshot","up":{"bids":[[0.94,771.62],[0.93,442.36],[0.92,144.5],[0.91,239.47],[0.9,73.1]],"asks":[[0.95,18.52],[0.96,318.41],[0.97,1169.63],[0.98,4793.08],[0.99,28394.03]]},"down":{"bids":[[0.05,18.52],[0.04,318.41],[0.03,1169.63],[0.02,4793.08],[0.01,28394.03]],"asks":[[0.06,771.62],[0.07,442.36],[0.08,144.5],[0.09,239.47],[0.1,73.1]]}}
{"ts":1776550467454,"slug":"btc-updown-5m-1776550200","type":"remaining","seconds":32.5}
{"ts":1776550467454,"slug":"btc-updown-5m-1776550200","type":"btc_ticker","btcPrice":75698.88413,"coinbasePrice":75717.08,"divergence":18.19586999999592}
{"ts":1776550467454,"slug":"btc-updown-5m-1776550200","type":"market_price","openPrice":75666.30022,"gap":32.58,"priceToBeat":75666.30022}
{"ts":1776550468071,"slug":"btc-updown-5m-1776550500","type":"orderbook_snapshot","up":{"bids":[[0.53,511.12],[0.52,251.53],[0.51,195.48],[0.5,304.66],[0.49,123]],"asks":[[0.54,1079.54],[0.55,160],[0.56,269],[0.57,82],[0.58,100.8]]},"down":{"bids":[[0.46,1079.54],[0.45,160],[0.44,269],[0.43,82],[0.42,100.8]],"asks":[[0.47,511.12],[0.48,251.53],[0.49,195.48],[0.5,304.66],[0.51,123]]}}
{"ts":1776550468071,"slug":"btc-updown-5m-1776550500","type":"remaining","seconds":331.9}
{"ts":1776550468071,"slug":"btc-updown-5m-1776550500","type":"btc_ticker","btcPrice":75698.87951,"coinbasePrice":75717.08,"divergence":18.2004900000029}
{"ts":1776550468454,"slug":"btc-updown-5m-1776550200","type":"orderbook_snapshot","up":{"bids":[[0.95,567.8],[0.94,411.32],[0.93,467.71],[0.92,158.58],[0.91,222.49]],"asks":[[0.96,347.32],[0.97,1159.41],[0.98,4635.15],[0.99,28025.43]]},"down":{"bids":[[0.04,347.32],[0.03,1159.41],[0.02,4635.15],[0.01,28025.43]],"asks":[[0.05,567.8],[0.06,411.32],[0.07,467.71],[0.08,158.58],[0.09,222.49]]}}
{"ts":1776550468455,"slug":"btc-updown-5m-1776550200","type":"remaining","seconds":31.5}
{"ts":1776550468455,"slug":"btc-updown-5m-1776550200","type":"btc_ticker","btcPrice":75698.87951,"coinbasePrice":75717.09,"divergence":18.210489999997662}
{"ts":1776550468455,"slug":"btc-updown-5m-1776550200","type":"market_price","openPrice":75666.30022,"gap":32.58,"priceToBeat":75666.30022}
{"ts":1776550469885,"slug":"btc-updown-5m-1776550200","type":"orderbook_snapshot","up":{"bids":[[0.95,553.41],[0.94,401.33],[0.93,467.71],[0.92,158.58],[0.91,222.49]],"asks":[[0.96,339.6],[0.97,1159.41],[0.98,4635.15],[0.99,28025.43]]},"down":{"bids":[[0.04,339.6],[0.03,1159.41],[0.02,4635.15],[0.01,28025.43]],"asks":[[0.05,553.41],[0.06,401.33],[0.07,467.71],[0.08,158.58],[0.09,222.49]]}}
{"ts":1776550469885,"slug":"btc-updown-5m-1776550200","type":"remaining","seconds":30.1}
{"ts":1776550469885,"slug":"btc-updown-5m-1776550200","type":"btc_ticker","btcPrice":75698.87951,"coinbasePrice":75717.08,"divergence":18.2004900000029}
{"ts":1776550469885,"slug":"btc-updown-5m-1776550200","type":"market_price","openPrice":75666.30022,"gap":32.58,"priceToBeat":75666.30022}
{"ts":1776550469885,"slug":"btc-updown-5m-1776550200","type":"strategy","event":"model_eval","remainingSecs":30,"spot":75698.87951,"openPrice":75666.30022,"gap":32.57928999999422,"gapBps":4.305653891530288,"side":"UP","ask":0.96,"liquidityUsd":326.016,"bestBidUp":0.95,"bestBidDown":0.04,"bestAskUp":0.96,"bestAskDown":0.05,"trueProb":0.7528755396704409,"ev":-0.2870496783423856,"divergence":18.2004900000029,"feeBps":1000,"thresholds":{"minTrueProb":0.83,"minEv":0.015,"entryPriceMin":0.8,"entryPriceMax":0.97,"minLiquidityUsd":100}}
{"ts":1776550470089,"slug":"btc-updown-5m-1776550500","type":"orderbook_snapshot","up":{"bids":[[0.53,511.12],[0.52,251.53],[0.51,195.48],[0.5,304.66],[0.49,123]],"asks":[[0.54,1079.54],[0.55,160],[0.56,269],[0.57,82],[0.58,100.8]]},"down":{"bids":[[0.46,1079.54],[0.45,160],[0.44,269],[0.43,82],[0.42,100.8]],"asks":[[0.47,511.12],[0.48,251.53],[0.49,195.48],[0.5,304.66],[0.51,123]]}}
{"ts":1776550470089,"slug":"btc-updown-5m-1776550500","type":"remaining","seconds":329.9}
{"ts":1776550470089,"slug":"btc-updown-5m-1776550500","type":"btc_ticker","btcPrice":75698.87951,"coinbasePrice":75717.09,"divergence":18.210489999997662}
{"ts":1776550470472,"slug":"btc-updown-5m-1776550200","type":"orderbook_snapshot","up":{"bids":[[0.95,511.97],[0.94,348.06],[0.93,419.44],[0.92,135.31],[0.91,227.99]],"asks":[[0.96,329.18],[0.97,1059.41],[0.98,4590.15],[0.99,28020.43]]},"down":{"bids":[[0.04,329.18],[0.03,1059.41],[0.02,4590.15],[0.01,28020.43]],"asks":[[0.05,511.97],[0.06,348.06],[0.07,419.44],[0.08,135.31],[0.09,227.99]]}}
{"ts":1776550470472,"slug":"btc-updown-5m-1776550200","type":"remaining","seconds":29.5}
{"ts":1776550470472,"slug":"btc-updown-5m-1776550200","type":"btc_ticker","btcPrice":75698.88946,"coinbasePrice":75717.08,"divergence":18.190539999995963}
{"ts":1776550470472,"slug":"btc-updown-5m-1776550200","type":"market_price","openPrice":75666.30022,"gap":32.59,"priceToBeat":75666.30022}
{"ts":1776550471089,"slug":"btc-updown-5m-1776550500","type":"orderbook_snapshot","up":{"bids":[[0.53,511.12],[0.52,251.53],[0.51,195.48],[0.5,304.66],[0.49,123]],"asks":[[0.54,1079.54],[0.55,160],[0.56,269],[0.57,82],[0.58,100.8]]},"down":{"bids":[[0.46,1079.54],[0.45,160],[0.44,269],[0.43,82],[0.42,100.8]],"asks":[[0.47,511.12],[0.48,251.53],[0.49,195.48],[0.5,304.66],[0.51,123]]}}
{"ts":1776550471089,"slug":"btc-updown-5m-1776550500","type":"remaining","seconds":328.9}
{"ts":1776550471089,"slug":"btc-updown-5m-1776550500","type":"btc_ticker","btcPrice":75698.88946,"coinbasePrice":75717.08,"divergence":18.190539999995963}
{"ts":1776550471472,"slug":"btc-updown-5m-1776550200","type":"orderbook_snapshot","up":{"bids":[[0.96,497.42],[0.95,165.8],[0.94,340.02],[0.93,205.98],[0.92,130.31]],"asks":[[0.97,540.87],[0.98,4514.01],[0.99,27876]]},"down":{"bids":[[0.03,540.87],[0.02,4514.01],[0.01,27876]],"asks":[[0.04,497.42],[0.05,165.8],[0.06,340.02],[0.07,205.98],[0.08,130.31]]}}
{"ts":1776550471473,"slug":"btc-updown-5m-1776550200","type":"remaining","seconds":28.5}
{"ts":1776550471473,"slug":"btc-updown-5m-1776550200","type":"btc_ticker","btcPrice":75698.90196,"coinbasePrice":75717.08,"divergence":18.178039999998873}
{"ts":1776550471473,"slug":"btc-updown-5m-1776550200","type":"market_price","openPrice":75666.30022,"gap":32.6,"priceToBeat":75666.30022}
{"ts":1776550472090,"slug":"btc-updown-5m-1776550500","type":"orderbook_snapshot","up":{"bids":[[0.53,511.12],[0.52,251.53],[0.51,195.48],[0.5,304.66],[0.49,75]],"asks":[[0.54,1079.54],[0.55,160],[0.56,269],[0.57,82],[0.58,100.8]]},"down":{"bids":[[0.46,1079.54],[0.45,160],[0.44,269],[0.43,82],[0.42,100.8]],"asks":[[0.47,511.12],[0.48,251.53],[0.49,195.48],[0.5,304.66],[0.51,75]]}}
{"ts":1776550472090,"slug":"btc-updown-5m-1776550500","type":"remaining","seconds":327.9}
{"ts":1776550472090,"slug":"btc-updown-5m-1776550500","type":"btc_ticker","btcPrice":75698.90196,"coinbasePrice":75697.53,"divergence":1.3719600000040373}
{"ts":1776550472473,"slug":"btc-updown-5m-1776550200","type":"orderbook_snapshot","up":{"bids":[[0.96,50.19],[0.95,212.68],[0.94,201.06],[0.93,169.36],[0.92,205.22]],"asks":[[0.97,1412.57],[0.98,4545.01],[0.99,27872]]},"down":{"bids":[[0.03,1412.57],[0.02,4545.01],[0.01,27872]],"asks":[[0.04,50.19],[0.05,212.68],[0.06,201.06],[0.07,169.36],[0.08,205.22]]}}
{"ts":1776550472473,"slug":"btc-updown-5m-1776550200","type":"remaining","seconds":27.5}
{"ts":1776550472473,"slug":"btc-updown-5m-1776550200","type":"btc_ticker","btcPrice":75698.90618,"coinbasePrice":75697.53,"divergence":1.3761800000065705}
{"ts":1776550472473,"slug":"btc-updown-5m-1776550200","type":"market_price","openPrice":75666.30022,"gap":32.61,"priceToBeat":75666.30022}
{"ts":1776550473090,"slug":"btc-updown-5m-1776550500","type":"orderbook_snapshot","up":{"bids":[[0.53,511.12],[0.52,251.53],[0.51,195.48],[0.5,304.66],[0.49,75]],"asks":[[0.54,1068.43],[0.55,160],[0.56,269],[0.57,82],[0.58,100.8]]},"down":{"bids":[[0.46,1068.43],[0.45,160],[0.44,269],[0.43,82],[0.42,100.8]],"asks":[[0.47,511.12],[0.48,251.53],[0.49,195.48],[0.5,304.66],[0.51,75]]}}
{"ts":1776550473090,"slug":"btc-updown-5m-1776550500","type":"remaining","seconds":326.9}
{"ts":1776550473090,"slug":"btc-updown-5m-1776550500","type":"btc_ticker","btcPrice":75698.90618,"coinbasePrice":75697.53,"divergence":1.3761800000065705}
{"ts":1776550473473,"slug":"btc-updown-5m-1776550200","type":"orderbook_snapshot","up":{"bids":[[0.94,365.62],[0.93,166.45],[0.92,188.9],[0.91,182.82],[0.9,57.97]],"asks":[[0.95,534.43],[0.96,433.84],[0.97,314.87],[0.98,4628.41],[0.99,27500.15]]},"down":{"bids":[[0.05,534.43],[0.04,433.84],[0.03,314.87],[0.02,4628.41],[0.01,27500.15]],"asks":[[0.06,365.62],[0.07,166.45],[0.08,188.9],[0.09,182.82],[0.1,57.97]]}}
{"ts":1776550473473,"slug":"btc-updown-5m-1776550200","type":"remaining","seconds":26.5}
{"ts":1776550473473,"slug":"btc-updown-5m-1776550200","type":"btc_ticker","btcPrice":75698.90904,"coinbasePrice":75697.54,"divergence":1.3690400000050431}
{"ts":1776550473473,"slug":"btc-updown-5m-1776550200","type":"market_price","openPrice":75666.30022,"gap":32.61,"priceToBeat":75666.30022}
{"ts":1776550474090,"slug":"btc-updown-5m-1776550500","type":"orderbook_snapshot","up":{"bids":[[0.53,508.99],[0.52,251.53],[0.51,195.48],[0.5,304.66],[0.49,75]],"asks":[[0.54,1068.43],[0.55,160],[0.56,269],[0.57,82],[0.58,100.8]]},"down":{"bids":[[0.46,1068.43],[0.45,160],[0.44,269],[0.43,82],[0.42,100.8]],"asks":[[0.47,508.99],[0.48,251.53],[0.49,195.48],[0.5,304.66],[0.51,75]]}}
{"ts":1776550474090,"slug":"btc-updown-5m-1776550500","type":"remaining","seconds":325.9}
{"ts":1776550474090,"slug":"btc-updown-5m-1776550500","type":"btc_ticker","btcPrice":75698.90904,"coinbasePrice":75697.53,"divergence":1.3790399999998044}
{"ts":1776550474473,"slug":"btc-updown-5m-1776550200","type":"orderbook_snapshot","up":{"bids":[[0.94,231.72],[0.93,156.71],[0.92,209.12],[0.91,182.82],[0.9,45]],"asks":[[0.95,473.5],[0.96,513.21],[0.97,259.27],[0.98,4440.93],[0.99,28175.57]]},"down":{"bids":[[0.05,473.5],[0.04,513.21],[0.03,259.27],[0.02,4440.93],[0.01,28175.57]],"asks":[[0.06,231.72],[0.07,156.71],[0.08,209.12],[0.09,182.82],[0.1,45]]}}
{"ts":1776550474473,"slug":"btc-updown-5m-1776550200","type":"remaining","seconds":25.5}
{"ts":1776550474473,"slug":"btc-updown-5m-1776550200","type":"btc_ticker","btcPrice":75694.86609285827,"coinbasePrice":75697.54,"divergence":2.673907141725067}
{"ts":1776550474473,"slug":"btc-updown-5m-1776550200","type":"market_price","openPrice":75666.30022,"gap":28.57,"priceToBeat":75666.30022}
{"ts":1776550474893,"slug":"btc-updown-5m-1776550200","type":"orderbook_snapshot","up":{"bids":[[0.94,466.6],[0.93,156.71],[0.92,193.9],[0.91,190.18],[0.9,55]],"asks":[[0.95,13.51],[0.96,404.72],[0.97,203.67],[0.98,4440.93],[0.99,27975.57]]},"down":{"bids":[[0.05,13.51],[0.04,404.72],[0.03,203.67],[0.02,4440.93],[0.01,27975.57]],"asks":[[0.06,466.6],[0.07,156.71],[0.08,193.9],[0.09,190.18],[0.1,55]]}}
{"ts":1776550474893,"slug":"btc-updown-5m-1776550200","type":"remaining","seconds":25.1}
{"ts":1776550474895,"slug":"btc-updown-5m-1776550200","type":"btc_ticker","btcPrice":75694.86609285827,"coinbasePrice":75697.53,"divergence":2.6639071417303057}
{"ts":1776550474895,"slug":"btc-updown-5m-1776550200","type":"market_price","openPrice":75666.30022,"gap":28.57,"priceToBeat":75666.30022}
{"ts":1776550474895,"slug":"btc-updown-5m-1776550200","type":"strategy","event":"model_eval","remainingSecs":25,"spot":75694.86609285827,"openPrice":75666.30022,"gap":28.5658728582639,"gapBps":3.775243771032618,"side":"UP","ask":0.95,"liquidityUsd":12.834499999999998,"bestBidUp":0.94,"bestBidDown":0.05,"bestAskUp":0.95,"bestAskDown":0.06,"trueProb":0.7442694603454909,"ev":-0.2877804207220182,"divergence":2.6639071417303057,"feeBps":1000,"thresholds":{"minTrueProb":0.83,"minEv":0.015,"entryPriceMin":0.8,"entryPriceMax":0.97,"minLiquidityUsd":100}}
{"ts":1776550475090,"slug":"btc-updown-5m-1776550500","type":"orderbook_snapshot","up":{"bids":[[0.53,549.3],[0.52,251.53],[0.51,195.48],[0.5,304.66],[0.49,75]],"asks":[[0.54,1059.17],[0.55,160],[0.56,269],[0.57,82],[0.58,100.8]]},"down":{"bids":[[0.46,1059.17],[0.45,160],[0.44,269],[0.43,82],[0.42,100.8]],"asks":[[0.47,549.3],[0.48,251.53],[0.49,195.48],[0.5,304.66],[0.51,75]]}}
{"ts":1776550475090,"slug":"btc-updown-5m-1776550500","type":"remaining","seconds":324.9}
{"ts":1776550475090,"slug":"btc-updown-5m-1776550500","type":"btc_ticker","btcPrice":75694.86609285827,"coinbasePrice":75697.54,"divergence":2.673907141725067}
{"ts":1776550475474,"slug":"btc-updown-5m-1776550200","type":"orderbook_snapshot","up":{"bids":[[0.94,446.18],[0.93,124.16],[0.92,169.35],[0.91,136.26],[0.9,27.23]],"asks":[[0.95,30.19],[0.96,409.72],[0.97,203.67],[0.98,4440.07],[0.99,27980.57]]},"down":{"bids":[[0.05,30.19],[0.04,409.72],[0.03,203.67],[0.02,4440.07],[0.01,27980.57]],"asks":[[0.06,446.18],[0.07,124.16],[0.08,169.35],[0.09,136.26],[0.1,27.23]]}}
{"ts":1776550475474,"slug":"btc-updown-5m-1776550200","type":"remaining","seconds":24.5}
{"ts":1776550475474,"slug":"btc-updown-5m-1776550200","type":"btc_ticker","btcPrice":75693.87,"coinbasePrice":75697.54,"divergence":3.6699999999982538}
{"ts":1776550475474,"slug":"btc-updown-5m-1776550200","type":"market_price","openPrice":75666.30022,"gap":27.57,"priceToBeat":75666.30022}
{"ts":1776550476090,"slug":"btc-updown-5m-1776550500","type":"orderbook_snapshot","up":{"bids":[[0.53,549.3],[0.52,251.53],[0.51,195.48],[0.5,304.66],[0.49,75]],"asks":[[0.54,1059.17],[0.55,160],[0.56,269],[0.57,82],[0.58,100.8]]},"down":{"bids":[[0.46,1059.17],[0.45,160],[0.44,269],[0.43,82],[0.42,100.8]],"asks":[[0.47,549.3],[0.48,251.53],[0.49,195.48],[0.5,304.66],[0.51,75]]}}
{"ts":1776550476090,"slug":"btc-updown-5m-1776550500","type":"remaining","seconds":323.9}
{"ts":1776550476090,"slug":"btc-updown-5m-1776550500","type":"btc_ticker","btcPrice":75693.87,"coinbasePrice":75697.53,"divergence":3.6600000000034925}
{"ts":1776550476474,"slug":"btc-updown-5m-1776550200","type":"orderbook_snapshot","up":{"bids":[[0.96,105.06],[0.95,59.34],[0.94,289.05],[0.93,111.46],[0.92,169.35]],"asks":[[0.97,345.32],[0.98,4347.01],[0.99,27980.57]]},"down":{"bids":[[0.03,345.32],[0.02,4347.01],[0.01,27980.57]],"asks":[[0.04,105.06],[0.05,59.34],[0.06,289.05],[0.07,111.46],[0.08,169.35]]}}
{"ts":1776550476474,"slug":"btc-updown-5m-1776550200","type":"remaining","seconds":23.5}
{"ts":1776550476474,"slug":"btc-updown-5m-1776550200","type":"btc_ticker","btcPrice":75692.83,"coinbasePrice":75697.53,"divergence":4.69999999999709}
{"ts":1776550476474,"slug":"btc-updown-5m-1776550200","type":"market_price","openPrice":75666.30022,"gap":26.53,"priceToBeat":75666.30022}
{"ts":1776550477090,"slug":"btc-updown-5m-1776550500","type":"orderbook_snapshot","up":{"bids":[[0.53,549.3],[0.52,251.53],[0.51,195.48],[0.5,304.66],[0.49,75]],"asks":[[0.54,1059.17],[0.55,160],[0.56,269],[0.57,82],[0.58,100.8]]},"down":{"bids":[[0.46,1059.17],[0.45,160],[0.44,269],[0.43,82],[0.42,100.8]],"asks":[[0.47,549.3],[0.48,251.53],[0.49,195.48],[0.5,304.66],[0.51,75]]}}
{"ts":1776550477090,"slug":"btc-updown-5m-1776550500","type":"remaining","seconds":322.9}
{"ts":1776550477090,"slug":"btc-updown-5m-1776550500","type":"btc_ticker","btcPrice":75692.83,"coinbasePrice":75697.54,"divergence":4.709999999991851}
{"ts":1776550477474,"slug":"btc-updown-5m-1776550200","type":"orderbook_snapshot","up":{"bids":[[0.95,241.44],[0.94,306.02],[0.93,92.06],[0.92,171.04],[0.91,148.6]],"asks":[[0.96,610.17],[0.97,281.68],[0.98,4567.01],[0.99,27797.11]]},"down":{"bids":[[0.04,610.17],[0.03,281.68],[0.02,4567.01],[0.01,27797.11]],"asks":[[0.05,241.44],[0.06,306.02],[0.07,92.06],[0.08,171.04],[0.09,148.6]]}}
{"ts":1776550477474,"slug":"btc-updown-5m-1776550200","type":"remaining","seconds":22.5}
{"ts":1776550477475,"slug":"btc-updown-5m-1776550200","type":"btc_ticker","btcPrice":75692.83,"coinbasePrice":75697.53,"divergence":4.69999999999709}
{"ts":1776550477475,"slug":"btc-updown-5m-1776550200","type":"market_price","openPrice":75666.30022,"gap":26.53,"priceToBeat":75666.30022}
{"ts":1776550478090,"slug":"btc-updown-5m-1776550500","type":"orderbook_snapshot","up":{"bids":[[0.53,549.3],[0.52,251.53],[0.51,195.48],[0.5,284.66],[0.49,75]],"asks":[[0.54,1059.17],[0.55,160],[0.56,269],[0.57,82],[0.58,100.8]]},"down":{"bids":[[0.46,1059.17],[0.45,160],[0.44,269],[0.43,82],[0.42,100.8]],"asks":[[0.47,549.3],[0.48,251.53],[0.49,195.48],[0.5,284.66],[0.51,75]]}}
{"ts":1776550478091,"slug":"btc-updown-5m-1776550500","type":"remaining","seconds":321.9}
{"ts":1776550478091,"slug":"btc-updown-5m-1776550500","type":"btc_ticker","btcPrice":75692.83,"coinbasePrice":75697.54,"divergence":4.709999999991851}
{"ts":1776550478474,"slug":"btc-updown-5m-1776550200","type":"orderbook_snapshot","up":{"bids":[[0.96,203.79],[0.95,35.19],[0.94,290.05],[0.93,97.06],[0.92,164.26]],"asks":[[0.97,221.99],[0.98,4547.01],[0.99,22594.15]]},"down":{"bids":[[0.03,221.99],[0.02,4547.01],[0.01,22594.15]],"asks":[[0.04,203.79],[0.05,35.19],[0.06,290.05],[0.07,97.06],[0.08,164.26]]}}
{"ts":1776550478474,"slug":"btc-updown-5m-1776550200","type":"remaining","seconds":21.5}
{"ts":1776550478474,"slug":"btc-updown-5m-1776550200","type":"btc_ticker","btcPrice":75692.86,"coinbasePrice":75697.54,"divergence":4.679999999993015}
{"ts":1776550478474,"slug":"btc-updown-5m-1776550200","type":"market_price","openPrice":75666.30022,"gap":26.56,"priceToBeat":75666.30022}
{"ts":1776550479090,"slug":"btc-updown-5m-1776550500","type":"orderbook_snapshot","up":{"bids":[[0.53,549.3],[0.52,251.53],[0.51,195.48],[0.5,284.66],[0.49,75]],"asks":[[0.54,1059.17],[0.55,160],[0.56,269],[0.57,82],[0.58,100.8]]},"down":{"bids":[[0.46,1059.17],[0.45,160],[0.44,269],[0.43,82],[0.42,100.8]],"asks":[[0.47,549.3],[0.48,251.53],[0.49,195.48],[0.5,284.66],[0.51,75]]}}
{"ts":1776550479090,"slug":"btc-updown-5m-1776550500","type":"remaining","seconds":320.9}
{"ts":1776550479090,"slug":"btc-updown-5m-1776550500","type":"btc_ticker","btcPrice":75692.92,"coinbasePrice":75697.53,"divergence":4.610000000000582}
{"ts":1776550479474,"slug":"btc-updown-5m-1776550200","type":"orderbook_snapshot","up":{"bids":[[0.96,302.45],[0.95,55.19],[0.94,270.05],[0.93,139.69],[0.92,168.97]],"asks":[[0.97,180.54],[0.98,4597.01],[0.99,22589.15]]},"down":{"bids":[[0.03,180.54],[0.02,4597.01],[0.01,22589.15]],"asks":[[0.04,302.45],[0.05,55.19],[0.06,270.05],[0.07,139.69],[0.08,168.97]]}}
{"ts":1776550479474,"slug":"btc-updown-5m-1776550200","type":"remaining","seconds":20.5}
{"ts":1776550479474,"slug":"btc-updown-5m-1776550200","type":"btc_ticker","btcPrice":75692.92,"coinbasePrice":75697.53,"divergence":4.610000000000582}
{"ts":1776550479474,"slug":"btc-updown-5m-1776550200","type":"market_price","openPrice":75666.30022,"gap":26.62,"priceToBeat":75666.30022}
{"ts":1776550479905,"slug":"btc-updown-5m-1776550200","type":"orderbook_snapshot","up":{"bids":[[0.95,275.27],[0.94,353.05],[0.93,132.93],[0.92,175],[0.91,203.41]],"asks":[[0.96,286.11],[0.97,211.89],[0.98,4547.01],[0.99,23289.83]]},"down":{"bids":[[0.04,286.11],[0.03,211.89],[0.02,4547.01],[0.01,23289.83]],"asks":[[0.05,275.27],[0.06,353.05],[0.07,132.93],[0.08,175],[0.09,203.41]]}}
{"ts":1776550479906,"slug":"btc-updown-5m-1776550200","type":"remaining","seconds":20.1}
{"ts":1776550479906,"slug":"btc-updown-5m-1776550200","type":"btc_ticker","btcPrice":75692.93,"coinbasePrice":75697.54,"divergence":4.610000000000582}
{"ts":1776550479906,"slug":"btc-updown-5m-1776550200","type":"market_price","openPrice":75666.30022,"gap":26.63,"priceToBeat":75666.30022}
{"ts":1776550479906,"slug":"btc-updown-5m-1776550200","type":"strategy","event":"model_eval","remainingSecs":20,"spot":75692.93,"openPrice":75666.30022,"gap":26.629779999988386,"gapBps":3.519371229009773,"side":"UP","ask":0.96,"liquidityUsd":274.6656,"bestBidUp":0.95,"bestBidDown":0.04,"bestAskUp":0.96,"bestAskDown":0.05,"trueProb":0.753110035006803,"ev":-0.28682761836476994,"divergence":4.610000000000582,"feeBps":1000,"thresholds":{"minTrueProb":0.83,"minEv":0.015,"entryPriceMin":0.8,"entryPriceMax":0.97,"minLiquidityUsd":100}}
{"ts":1776550480090,"slug":"btc-updown-5m-1776550500","type":"orderbook_snapshot","up":{"bids":[[0.53,589.3],[0.52,251.53],[0.51,195.48],[0.5,284.66],[0.49,75]],"asks":[[0.54,1051.2],[0.55,160],[0.56,269],[0.57,82],[0.58,100.8]]},"down":{"bids":[[0.46,1051.2],[0.45,160],[0.44,269],[0.43,82],[0.42,100.8]],"asks":[[0.47,589.3],[0.48,251.53],[0.49,195.48],[0.5,284.66],[0.51,75]]}}
{"ts":1776550480090,"slug":"btc-updown-5m-1776550500","type":"remaining","seconds":319.9}
{"ts":1776550480090,"slug":"btc-updown-5m-1776550500","type":"btc_ticker","btcPrice":75692.93,"coinbasePrice":75697.53,"divergence":4.600000000005821}
{"ts":1776550480475,"slug":"btc-updown-5m-1776550200","type":"orderbook_snapshot","up":{"bids":[[0.95,74],[0.94,348.05],[0.93,139.7],[0.92,163.91],[0.91,148.99]],"asks":[[0.96,315.17],[0.97,211.89],[0.98,4547.01],[0.99,23289.83]]},"down":{"bids":[[0.04,315.17],[0.03,211.89],[0.02,4547.01],[0.01,23289.83]],"asks":[[0.05,74],[0.06,348.05],[0.07,139.7],[0.08,163.91],[0.09,148.99]]}}
{"ts":1776550480475,"slug":"btc-updown-5m-1776550200","type":"remaining","seconds":19.5}
{"ts":1776550480475,"slug":"btc-updown-5m-1776550200","type":"btc_ticker","btcPrice":75692.93,"coinbasePrice":75697.53,"divergence":4.600000000005821}
{"ts":1776550480475,"slug":"btc-updown-5m-1776550200","type":"market_price","openPrice":75666.30022,"gap":26.63,"priceToBeat":75666.30022}
{"ts":1776550481090,"slug":"btc-updown-5m-1776550500","type":"orderbook_snapshot","up":{"bids":[[0.53,634.3],[0.52,251.53],[0.51,195.48],[0.5,284.66],[0.49,75]],"asks":[[0.54,782.67],[0.55,160],[0.56,269],[0.57,82],[0.58,100.8]]},"down":{"bids":[[0.46,782.67],[0.45,160],[0.44,269],[0.43,82],[0.42,100.8]],"asks":[[0.47,634.3],[0.48,251.53],[0.49,195.48],[0.5,284.66],[0.51,75]]}}
{"ts":1776550481090,"slug":"btc-updown-5m-1776550500","type":"remaining","seconds":318.9}
{"ts":1776550481091,"slug":"btc-updown-5m-1776550500","type":"btc_ticker","btcPrice":75692.93,"coinbasePrice":75697.53,"divergence":4.600000000005821}
{"ts":1776550481475,"slug":"btc-updown-5m-1776550200","type":"orderbook_snapshot","up":{"bids":[[0.95,217.88],[0.94,349.05],[0.93,139.7],[0.92,183.91],[0.91,208.99]],"asks":[[0.96,137.82],[0.97,201.89],[0.98,4497.01],[0.99,23111.4]]},"down":{"bids":[[0.04,137.82],[0.03,201.89],[0.02,4497.01],[0.01,23111.4]],"asks":[[0.05,217.88],[0.06,349.05],[0.07,139.7],[0.08,183.91],[0.09,208.99]]}}
{"ts":1776550481475,"slug":"btc-updown-5m-1776550200","type":"remaining","seconds":18.5}
{"ts":1776550481476,"slug":"btc-updown-5m-1776550200","type":"btc_ticker","btcPrice":75692.93,"coinbasePrice":75697.54,"divergence":4.610000000000582}
{"ts":1776550481476,"slug":"btc-updown-5m-1776550200","type":"market_price","openPrice":75666.30022,"gap":26.63,"priceToBeat":75666.30022}
{"ts":1776550482090,"slug":"btc-updown-5m-1776550500","type":"orderbook_snapshot","up":{"bids":[[0.53,629.3],[0.52,251.53],[0.51,195.48],[0.5,289.66],[0.49,75]],"asks":[[0.54,782.67],[0.55,160],[0.56,269],[0.57,82],[0.58,100.8]]},"down":{"bids":[[0.46,782.67],[0.45,160],[0.44,269],[0.43,82],[0.42,100.8]],"asks":[[0.47,629.3],[0.48,251.53],[0.49,195.48],[0.5,289.66],[0.51,75]]}}
{"ts":1776550482090,"slug":"btc-updown-5m-1776550500","type":"remaining","seconds":317.9}
{"ts":1776550482090,"slug":"btc-updown-5m-1776550500","type":"btc_ticker","btcPrice":75692.98,"coinbasePrice":75697.54,"divergence":4.559999999997672}
{"ts":1776550482475,"slug":"btc-updown-5m-1776550200","type":"orderbook_snapshot","up":{"bids":[[0.95,95.71],[0.94,342.5],[0.93,246],[0.92,73.91],[0.91,208.99]],"asks":[[0.96,24.99],[0.97,187.44],[0.98,4656.98],[0.99,22759.49]]},"down":{"bids":[[0.04,24.99],[0.03,187.44],[0.02,4656.98],[0.01,22759.49]],"asks":[[0.05,95.71],[0.06,342.5],[0.07,246],[0.08,73.91],[0.09,208.99]]}}
{"ts":1776550482475,"slug":"btc-updown-5m-1776550200","type":"remaining","seconds":17.5}
{"ts":1776550482475,"slug":"btc-updown-5m-1776550200","type":"btc_ticker","btcPrice":75692.98,"coinbasePrice":75697.53,"divergence":4.55000000000291}
{"ts":1776550482475,"slug":"btc-updown-5m-1776550200","type":"market_price","openPrice":75666.30022,"gap":26.68,"priceToBeat":75666.30022}
{"ts":1776550483090,"slug":"btc-updown-5m-1776550500","type":"orderbook_snapshot","up":{"bids":[[0.53,221.31],[0.52,251.53],[0.51,195.48],[0.5,289.66],[0.49,75]],"asks":[[0.54,782.67],[0.55,160],[0.56,269],[0.57,82],[0.58,100.8]]},"down":{"bids":[[0.46,782.67],[0.45,160],[0.44,269],[0.43,82],[0.42,100.8]],"asks":[[0.47,221.31],[0.48,251.53],[0.49,195.48],[0.5,289.66],[0.51,75]]}}
{"ts":1776550483090,"slug":"btc-updown-5m-1776550500","type":"remaining","seconds":316.9}
{"ts":1776550483090,"slug":"btc-updown-5m-1776550500","type":"btc_ticker","btcPrice":75693.79,"coinbasePrice":75697.54,"divergence":3.75}
{"ts":1776550483476,"slug":"btc-updown-5m-1776550200","type":"orderbook_snapshot","up":{"bids":[[0.96,171.89],[0.95,98.72],[0.94,282.5],[0.93,237.35],[0.92,68.91]],"asks":[[0.97,134.77],[0.98,4656.98],[0.99,22709.17]]},"down":{"bids":[[0.03,134.77],[0.02,4656.98],[0.01,22709.17]],"asks":[[0.04,171.89],[0.05,98.72],[0.06,282.5],[0.07,237.35],[0.08,68.91]]}}
{"ts":1776550483476,"slug":"btc-updown-5m-1776550200","type":"remaining","seconds":16.5}
{"ts":1776550483476,"slug":"btc-updown-5m-1776550200","type":"btc_ticker","btcPrice":75693.79,"coinbasePrice":75697.54,"divergence":3.75}
{"ts":1776550483476,"slug":"btc-updown-5m-1776550200","type":"market_price","openPrice":75666.30022,"gap":27.49,"priceToBeat":75666.30022}
{"ts":1776550484090,"slug":"btc-updown-5m-1776550500","type":"orderbook_snapshot","up":{"bids":[[0.53,221.31],[0.52,251.53],[0.51,195.48],[0.5,289.66],[0.49,75]],"asks":[[0.54,782.67],[0.55,160],[0.56,269],[0.57,82],[0.58,100.8]]},"down":{"bids":[[0.46,782.67],[0.45,160],[0.44,269],[0.43,82],[0.42,100.8]],"asks":[[0.47,221.31],[0.48,251.53],[0.49,195.48],[0.5,289.66],[0.51,75]]}}
{"ts":1776550484090,"slug":"btc-updown-5m-1776550500","type":"remaining","seconds":315.9}
{"ts":1776550484090,"slug":"btc-updown-5m-1776550500","type":"btc_ticker","btcPrice":75693.79,"coinbasePrice":75697.54,"divergence":3.75}
{"ts":1776550484476,"slug":"btc-updown-5m-1776550200","type":"orderbook_snapshot","up":{"bids":[[0.95,138.8],[0.94,307.26],[0.93,242.51],[0.92,73.53],[0.91,215.91]],"asks":[[0.96,109.75],[0.97,76.01],[0.98,4547.01],[0.99,22837.43]]},"down":{"bids":[[0.04,109.75],[0.03,76.01],[0.02,4547.01],[0.01,22837.43]],"asks":[[0.05,138.8],[0.06,307.26],[0.07,242.51],[0.08,73.53],[0.09,215.91]]}}
{"ts":1776550484476,"slug":"btc-updown-5m-1776550200","type":"remaining","seconds":15.5}
{"ts":1776550484477,"slug":"btc-updown-5m-1776550200","type":"btc_ticker","btcPrice":75693.79,"coinbasePrice":75697.54,"divergence":3.75}
{"ts":1776550484477,"slug":"btc-updown-5m-1776550200","type":"market_price","openPrice":75666.30022,"gap":27.49,"priceToBeat":75666.30022}
{"ts":1776550484921,"slug":"btc-updown-5m-1776550200","type":"orderbook_snapshot","up":{"bids":[[0.95,173.06],[0.94,285.26],[0.93,242.51],[0.92,73.53],[0.91,215.91]],"asks":[[0.96,99.52],[0.97,76.01],[0.98,4704.47],[0.99,22634.15]]},"down":{"bids":[[0.04,99.52],[0.03,76.01],[0.02,4704.47],[0.01,22634.15]],"asks":[[0.05,173.06],[0.06,285.26],[0.07,242.51],[0.08,73.53],[0.09,215.91]]}}
{"ts":1776550484921,"slug":"btc-updown-5m-1776550200","type":"remaining","seconds":15.1}
{"ts":1776550484922,"slug":"btc-updown-5m-1776550200","type":"btc_ticker","btcPrice":75694.19537,"coinbasePrice":75697.54,"divergence":3.3446299999923212}
{"ts":1776550484923,"slug":"btc-updown-5m-1776550200","type":"market_price","openPrice":75666.30022,"gap":27.9,"priceToBeat":75666.30022}
{"ts":1776550484923,"slug":"btc-updown-5m-1776550200","type":"strategy","event":"model_eval","remainingSecs":15,"spot":75694.19537,"openPrice":75666.30022,"gap":27.895149999996647,"gapBps":3.686601554310361,"side":"UP","ask":0.96,"liquidityUsd":95.5392,"bestBidUp":0.95,"bestBidDown":0.04,"bestAskUp":0.96,"bestAskDown":0.05,"trueProb":0.7960851259328663,"ev":-0.2461315095332706,"divergence":3.3446299999923212,"feeBps":1000,"thresholds":{"minTrueProb":0.83,"minEv":0.015,"entryPriceMin":0.8,"entryPriceMax":0.97,"minLiquidityUsd":100}}
{"ts":1776550485090,"slug":"btc-updown-5m-1776550500","type":"orderbook_snapshot","up":{"bids":[[0.53,235.31],[0.52,239.53],[0.51,195.48],[0.5,289.66],[0.49,75]],"asks":[[0.54,776.67],[0.55,160],[0.56,269],[0.57,82],[0.58,100.8]]},"down":{"bids":[[0.46,776.67],[0.45,160],[0.44,269],[0.43,82],[0.42,100.8]],"asks":[[0.47,235.31],[0.48,239.53],[0.49,195.48],[0.5,289.66],[0.51,75]]}}
{"ts":1776550485090,"slug":"btc-updown-5m-1776550500","type":"remaining","seconds":314.9}
{"ts":1776550485091,"slug":"btc-updown-5m-1776550500","type":"btc_ticker","btcPrice":75694.19537,"coinbasePrice":75697.54,"divergence":3.3446299999923212}
{"ts":1776550485476,"slug":"btc-updown-5m-1776550200","type":"orderbook_snapshot","up":{"bids":[[0.96,137.22],[0.95,126.06],[0.94,249.44],[0.93,242.51],[0.92,73.53]],"asks":[[0.97,85.39],[0.98,2544.61],[0.99,6744.29]]},"down":{"bids":[[0.03,85.39],[0.02,2544.61],[0.01,6744.29]],"asks":[[0.04,137.22],[0.05,126.06],[0.06,249.44],[0.07,242.51],[0.08,73.53]]}}
{"ts":1776550485476,"slug":"btc-updown-5m-1776550200","type":"remaining","seconds":14.5}
{"ts":1776550485476,"slug":"btc-updown-5m-1776550200","type":"btc_ticker","btcPrice":75694.19537,"coinbasePrice":75697.54,"divergence":3.3446299999923212}
{"ts":1776550485476,"slug":"btc-updown-5m-1776550200","type":"market_price","openPrice":75666.30022,"gap":27.9,"priceToBeat":75666.30022}
{"ts":1776550486090,"slug":"btc-updown-5m-1776550500","type":"orderbook_snapshot","up":{"bids":[[0.53,247.31],[0.52,239.53],[0.51,195.48],[0.5,289.66],[0.49,75]],"asks":[[0.54,666.8],[0.55,160],[0.56,264],[0.57,82],[0.58,95.8]]},"down":{"bids":[[0.46,666.8],[0.45,160],[0.44,264],[0.43,82],[0.42,95.8]],"asks":[[0.47,247.31],[0.48,239.53],[0.49,195.48],[0.5,289.66],[0.51,75]]}}
{"ts":1776550486091,"slug":"btc-updown-5m-1776550500","type":"remaining","seconds":313.9}
{"ts":1776550486091,"slug":"btc-updown-5m-1776550500","type":"btc_ticker","btcPrice":75693.75,"coinbasePrice":75697.54,"divergence":3.789999999993597}
{"ts":1776550486476,"slug":"btc-updown-5m-1776550200","type":"orderbook_snapshot","up":{"bids":[[0.97,417.15],[0.96,82.24],[0.95,52.76],[0.94,292.7],[0.93,232.35]],"asks":[[0.98,2620.62],[0.99,6729.56]]},"down":{"bids":[[0.02,2620.62],[0.01,6729.56]],"asks":[[0.03,417.15],[0.04,82.24],[0.05,52.76],[0.06,292.7],[0.07,232.35]]}}
{"ts":1776550486476,"slug":"btc-updown-5m-1776550200","type":"remaining","seconds":13.5}
{"ts":1776550486476,"slug":"btc-updown-5m-1776550200","type":"btc_ticker","btcPrice":75693.85,"coinbasePrice":75697.54,"divergence":3.6899999999877764}
{"ts":1776550486476,"slug":"btc-updown-5m-1776550200","type":"market_price","openPrice":75666.30022,"gap":27.55,"priceToBeat":75666.30022}
{"ts":1776550487091,"slug":"btc-updown-5m-1776550500","type":"orderbook_snapshot","up":{"bids":[[0.53,247.31],[0.52,239.53],[0.51,195.48],[0.5,289.66],[0.49,75]],"asks":[[0.54,666.8],[0.55,160],[0.56,264],[0.57,82],[0.58,95.8]]},"down":{"bids":[[0.46,666.8],[0.45,160],[0.44,264],[0.43,82],[0.42,95.8]],"asks":[[0.47,247.31],[0.48,239.53],[0.49,195.48],[0.5,289.66],[0.51,75]]}}
{"ts":1776550487091,"slug":"btc-updown-5m-1776550500","type":"remaining","seconds":312.9}
{"ts":1776550487091,"slug":"btc-updown-5m-1776550500","type":"btc_ticker","btcPrice":75693.85,"coinbasePrice":75697.54,"divergence":3.6899999999877764}
{"ts":1776550487476,"slug":"btc-updown-5m-1776550200","type":"orderbook_snapshot","up":{"bids":[[0.97,538.3],[0.96,161.24],[0.95,42.76],[0.94,292.7],[0.93,232.35]],"asks":[[0.98,1646.61],[0.99,5945.56]]},"down":{"bids":[[0.02,1646.61],[0.01,5945.56]],"asks":[[0.03,538.3],[0.04,161.24],[0.05,42.76],[0.06,292.7],[0.07,232.35]]}}
{"ts":1776550487476,"slug":"btc-updown-5m-1776550200","type":"remaining","seconds":12.5}
{"ts":1776550487477,"slug":"btc-updown-5m-1776550200","type":"btc_ticker","btcPrice":75693.85,"coinbasePrice":75697.54,"divergence":3.6899999999877764}
{"ts":1776550487477,"slug":"btc-updown-5m-1776550200","type":"market_price","openPrice":75666.30022,"gap":27.55,"priceToBeat":75666.30022}
{"ts":1776550488092,"slug":"btc-updown-5m-1776550500","type":"orderbook_snapshot","up":{"bids":[[0.53,207.31],[0.52,239.53],[0.51,158],[0.5,289.66],[0.49,75]],"asks":[[0.54,659.01],[0.55,160],[0.56,264],[0.57,82],[0.58,95.8]]},"down":{"bids":[[0.46,659.01],[0.45,160],[0.44,264],[0.43,82],[0.42,95.8]],"asks":[[0.47,207.31],[0.48,239.53],[0.49,158],[0.5,289.66],[0.51,75]]}}
{"ts":1776550488092,"slug":"btc-updown-5m-1776550500","type":"remaining","seconds":311.9}
{"ts":1776550488092,"slug":"btc-updown-5m-1776550500","type":"btc_ticker","btcPrice":75694.19436,"coinbasePrice":75697.54,"divergence":3.3456399999995483}
{"ts":1776550488477,"slug":"btc-updown-5m-1776550200","type":"orderbook_snapshot","up":{"bids":[[0.97,449.2],[0.96,156.24],[0.95,137.76],[0.94,292.7],[0.93,232.35]],"asks":[[0.98,1447.63],[0.99,5719.15]]},"down":{"bids":[[0.02,1447.63],[0.01,5719.15]],"asks":[[0.03,449.2],[0.04,156.24],[0.05,137.76],[0.06,292.7],[0.07,232.35]]}}
{"ts":1776550488477,"slug":"btc-updown-5m-1776550200","type":"remaining","seconds":11.5}
{"ts":1776550488477,"slug":"btc-updown-5m-1776550200","type":"btc_ticker","btcPrice":75694.19436,"coinbasePrice":75697.54,"divergence":3.3456399999995483}
{"ts":1776550488477,"slug":"btc-updown-5m-1776550200","type":"market_price","openPrice":75666.30022,"gap":27.89,"priceToBeat":75666.30022}
{"ts":1776550489094,"slug":"btc-updown-5m-1776550500","type":"orderbook_snapshot","up":{"bids":[[0.53,244.79],[0.52,239.53],[0.51,158],[0.5,289.66],[0.49,75]],"asks":[[0.54,659.01],[0.55,160],[0.56,264],[0.57,82],[0.58,95.8]]},"down":{"bids":[[0.46,659.01],[0.45,160],[0.44,264],[0.43,82],[0.42,95.8]],"asks":[[0.47,244.79],[0.48,239.53],[0.49,158],[0.5,289.66],[0.51,75]]}}
{"ts":1776550489094,"slug":"btc-updown-5m-1776550500","type":"remaining","seconds":310.9}
{"ts":1776550489094,"slug":"btc-updown-5m-1776550500","type":"btc_ticker","btcPrice":75693.9,"coinbasePrice":75697.54,"divergence":3.639999999999418}
{"ts":1776550489477,"slug":"btc-updown-5m-1776550200","type":"orderbook_snapshot","up":{"bids":[[0.97,816.37],[0.96,101.24],[0.95,142.76],[0.94,285.7],[0.93,156.35]],"asks":[[0.98,684.4],[0.99,5133.58]]},"down":{"bids":[[0.02,684.4],[0.01,5133.58]],"asks":[[0.03,816.37],[0.04,101.24],[0.05,142.76],[0.06,285.7],[0.07,156.35]]}}
{"ts":1776550489477,"slug":"btc-updown-5m-1776550200","type":"remaining","seconds":10.5}
{"ts":1776550489477,"slug":"btc-updown-5m-1776550200","type":"btc_ticker","btcPrice":75693.9,"coinbasePrice":75697.53,"divergence":3.6300000000046566}
{"ts":1776550489477,"slug":"btc-updown-5m-1776550200","type":"market_price","openPrice":75666.30022,"gap":27.6,"priceToBeat":75666.30022}
{"ts":1776550489936,"slug":"btc-updown-5m-1776550200","type":"orderbook_snapshot","up":{"bids":[[0.97,744.46],[0.96,77.24],[0.95,142.76],[0.94,285.7],[0.93,176.35]],"asks":[[0.98,411.35],[0.99,5238.58]]},"down":{"bids":[[0.02,411.35],[0.01,5238.58]],"asks":[[0.03,744.46],[0.04,77.24],[0.05,142.76],[0.06,285.7],[0.07,176.35]]}}
{"ts":1776550489936,"slug":"btc-updown-5m-1776550200","type":"remaining","seconds":10.1}
{"ts":1776550489938,"slug":"btc-updown-5m-1776550200","type":"btc_ticker","btcPrice":75693.9,"coinbasePrice":75697.54,"divergence":3.639999999999418}
{"ts":1776550489938,"slug":"btc-updown-5m-1776550200","type":"market_price","openPrice":75666.30022,"gap":27.6,"priceToBeat":75666.30022}
{"ts":1776550489938,"slug":"btc-updown-5m-1776550200","type":"strategy","event":"model_eval","remainingSecs":10,"spot":75693.9,"openPrice":75666.30022,"gap":27.59977999998955,"gapBps":3.647565682442924,"side":"UP","ask":0.98,"liquidityUsd":403.123,"bestBidUp":0.97,"bestBidDown":0.02,"bestAskUp":0.98,"bestAskDown":0.03,"trueProb":0.8420719848994096,"ev":-0.21885715686511173,"divergence":3.639999999999418,"feeBps":1000,"thresholds":{"minTrueProb":0.83,"minEv":0.015,"entryPriceMin":0.8,"entryPriceMax":0.97,"minLiquidityUsd":100}}
